%YAML 1.1
%TAG !u! tag:unity3d.com,2011:
--- !u!29 &1
OcclusionCullingSettings:
  m_ObjectHideFlags: 0
  serializedVersion: 2
  m_OcclusionBakeSettings:
    smallestOccluder: 5
    smallestHole: 0.25
    backfaceThreshold: 100
  m_SceneGUID: 00000000000000000000000000000000
  m_OcclusionCullingData: {fileID: 0}
--- !u!104 &2
RenderSettings:
  m_ObjectHideFlags: 0
  serializedVersion: 9
  m_Fog: 0
  m_FogColor: {r: 0.5, g: 0.5, b: 0.5, a: 1}
  m_FogMode: 3
  m_FogDensity: 0.01
  m_LinearFogStart: 0
  m_LinearFogEnd: 300
  m_AmbientSkyColor: {r: 0.212, g: 0.227, b: 0.259, a: 1}
  m_AmbientEquatorColor: {r: 0.114, g: 0.125, b: 0.133, a: 1}
  m_AmbientGroundColor: {r: 0.047, g: 0.043, b: 0.035, a: 1}
  m_AmbientIntensity: 1
  m_AmbientMode: 0
  m_SubtractiveShadowColor: {r: 0.42, g: 0.478, b: 0.627, a: 1}
  m_SkyboxMaterial: {fileID: 10304, guid: 0000000000000000f000000000000000, type: 0}
  m_HaloStrength: 0.5
  m_FlareStrength: 1
  m_FlareFadeSpeed: 3
  m_HaloTexture: {fileID: 0}
  m_SpotCookie: {fileID: 10001, guid: 0000000000000000e000000000000000, type: 0}
  m_DefaultReflectionMode: 0
  m_DefaultReflectionResolution: 128
  m_ReflectionBounces: 1
  m_ReflectionIntensity: 1
  m_CustomReflection: {fileID: 0}
  m_Sun: {fileID: 0}
  m_IndirectSpecularColor: {r: 0.18028378, g: 0.22571412, b: 0.30692285, a: 1}
  m_UseRadianceAmbientProbe: 0
--- !u!157 &3
LightmapSettings:
  m_ObjectHideFlags: 0
  serializedVersion: 12
  m_GIWorkflowMode: 1
  m_GISettings:
    serializedVersion: 2
    m_BounceScale: 1
    m_IndirectOutputScale: 1
    m_AlbedoBoost: 1
    m_EnvironmentLightingMode: 0
    m_EnableBakedLightmaps: 1
    m_EnableRealtimeLightmaps: 0
  m_LightmapEditorSettings:
    serializedVersion: 12
    m_Resolution: 2
    m_BakeResolution: 40
    m_AtlasSize: 1024
    m_AO: 0
    m_AOMaxDistance: 1
    m_CompAOExponent: 1
    m_CompAOExponentDirect: 0
    m_ExtractAmbientOcclusion: 0
    m_Padding: 2
    m_LightmapParameters: {fileID: 0}
    m_LightmapsBakeMode: 1
    m_TextureCompression: 1
    m_FinalGather: 0
    m_FinalGatherFiltering: 1
    m_FinalGatherRayCount: 256
    m_ReflectionCompression: 2
    m_MixedBakeMode: 2
    m_BakeBackend: 1
    m_PVRSampling: 1
    m_PVRDirectSampleCount: 32
    m_PVRSampleCount: 512
    m_PVRBounces: 2
    m_PVREnvironmentSampleCount: 256
    m_PVREnvironmentReferencePointCount: 2048
    m_PVRFilteringMode: 1
    m_PVRDenoiserTypeDirect: 1
    m_PVRDenoiserTypeIndirect: 1
    m_PVRDenoiserTypeAO: 1
    m_PVRFilterTypeDirect: 0
    m_PVRFilterTypeIndirect: 0
    m_PVRFilterTypeAO: 0
    m_PVREnvironmentMIS: 1
    m_PVRCulling: 1
    m_PVRFilteringGaussRadiusDirect: 1
    m_PVRFilteringGaussRadiusIndirect: 5
    m_PVRFilteringGaussRadiusAO: 2
    m_PVRFilteringAtrousPositionSigmaDirect: 0.5
    m_PVRFilteringAtrousPositionSigmaIndirect: 2
    m_PVRFilteringAtrousPositionSigmaAO: 1
    m_ExportTrainingData: 0
    m_TrainingDataDestination: TrainingData
    m_LightProbeSampleCountMultiplier: 4
  m_LightingDataAsset: {fileID: 0}
  m_LightingSettings: {fileID: 0}
--- !u!196 &4
NavMeshSettings:
  serializedVersion: 2
  m_ObjectHideFlags: 0
  m_BuildSettings:
    serializedVersion: 2
    agentTypeID: 0
    agentRadius: 0.5
    agentHeight: 2
    agentSlope: 45
    agentClimb: 0.4
    ledgeDropHeight: 0
    maxJumpAcrossDistance: 0
    minRegionArea: 2
    manualCellSize: 0
    cellSize: 0.16666667
    manualTileSize: 0
    tileSize: 256
    accuratePlacement: 0
    maxJobWorkers: 0
    preserveTilesOutsideBounds: 0
    debug:
      m_Flags: 0
  m_NavMeshData: {fileID: 0}
--- !u!1 &118325746
GameObject:
  m_ObjectHideFlags: 0
  m_CorrespondingSourceObject: {fileID: 0}
  m_PrefabInstance: {fileID: 0}
  m_PrefabAsset: {fileID: 0}
  serializedVersion: 6
  m_Component:
  - component: {fileID: 118325748}
  - component: {fileID: 118325747}
  m_Layer: 0
  m_Name: Directional Light
  m_TagString: Untagged
  m_Icon: {fileID: 0}
  m_NavMeshLayer: 0
  m_StaticEditorFlags: 0
  m_IsActive: 1
--- !u!108 &118325747
Light:
  m_ObjectHideFlags: 0
  m_CorrespondingSourceObject: {fileID: 0}
  m_PrefabInstance: {fileID: 0}
  m_PrefabAsset: {fileID: 0}
  m_GameObject: {fileID: 118325746}
  m_Enabled: 1
  serializedVersion: 10
  m_Type: 1
  m_Shape: 0
  m_Color: {r: 1, g: 0.95686275, b: 0.8392157, a: 1}
  m_Intensity: 1
  m_Range: 10
  m_SpotAngle: 30
  m_InnerSpotAngle: 21.80208
  m_CookieSize: 10
  m_Shadows:
    m_Type: 2
    m_Resolution: -1
    m_CustomResolution: -1
    m_Strength: 1
    m_Bias: 0.05
    m_NormalBias: 0.4
    m_NearPlane: 0.2
    m_CullingMatrixOverride:
      e00: 1
      e01: 0
      e02: 0
      e03: 0
      e10: 0
      e11: 1
      e12: 0
      e13: 0
      e20: 0
      e21: 0
      e22: 1
      e23: 0
      e30: 0
      e31: 0
      e32: 0
      e33: 1
    m_UseCullingMatrixOverride: 0
  m_Cookie: {fileID: 0}
  m_DrawHalo: 0
  m_Flare: {fileID: 0}
  m_RenderMode: 0
  m_CullingMask:
    serializedVersion: 2
    m_Bits: 4294967295
  m_RenderingLayerMask: 1
  m_Lightmapping: 4
  m_LightShadowCasterMode: 0
  m_AreaSize: {x: 1, y: 1}
  m_BounceIntensity: 1
  m_ColorTemperature: 6570
  m_UseColorTemperature: 0
  m_BoundingSphereOverride: {x: 0, y: 0, z: 0, w: 0}
  m_UseBoundingSphereOverride: 0
  m_UseViewFrustumForShadowCasterCull: 1
  m_ShadowRadius: 0
  m_ShadowAngle: 0
--- !u!4 &118325748
Transform:
  m_ObjectHideFlags: 0
  m_CorrespondingSourceObject: {fileID: 0}
  m_PrefabInstance: {fileID: 0}
  m_PrefabAsset: {fileID: 0}
  m_GameObject: {fileID: 118325746}
  m_LocalRotation: {x: 0.40821788, y: -0.23456968, z: 0.10938163, w: 0.8754261}
  m_LocalPosition: {x: 0, y: 3, z: 0}
  m_LocalScale: {x: 1, y: 1, z: 1}
  m_ConstrainProportionsScale: 0
  m_Children: []
  m_Father: {fileID: 0}
  m_RootOrder: 1
  m_LocalEulerAnglesHint: {x: 50, y: -30, z: 0}
--- !u!4 &147028572 stripped
Transform:
  m_CorrespondingSourceObject: {fileID: 9058825715749950004, guid: a83e9dc98c82bb94186758a8e11d0652, type: 3}
  m_PrefabInstance: {fileID: 1440176779}
  m_PrefabAsset: {fileID: 0}
--- !u!4 &225411078 stripped
Transform:
  m_CorrespondingSourceObject: {fileID: 7871151972266532366, guid: 6aeb2d12926a2f64493bc3cdc670fd6b, type: 3}
  m_PrefabInstance: {fileID: 7871151972489911816}
  m_PrefabAsset: {fileID: 0}
--- !u!1001 &271946141
PrefabInstance:
  m_ObjectHideFlags: 0
  serializedVersion: 2
  m_Modification:
    m_TransformParent: {fileID: 0}
    m_Modifications:
    - target: {fileID: 1001633381609419845, guid: 458698744b6f3a5438b4b00e10cd2d84, type: 3}
      propertyPath: m_RootOrder
      value: 7
      objectReference: {fileID: 0}
    - target: {fileID: 1001633381609419845, guid: 458698744b6f3a5438b4b00e10cd2d84, type: 3}
      propertyPath: m_LocalScale.x
      value: 1.07
      objectReference: {fileID: 0}
    - target: {fileID: 1001633381609419845, guid: 458698744b6f3a5438b4b00e10cd2d84, type: 3}
      propertyPath: m_LocalScale.z
      value: 0.19000001
      objectReference: {fileID: 0}
    - target: {fileID: 1001633381609419845, guid: 458698744b6f3a5438b4b00e10cd2d84, type: 3}
      propertyPath: m_LocalPosition.x
      value: -0.7400001
      objectReference: {fileID: 0}
    - target: {fileID: 1001633381609419845, guid: 458698744b6f3a5438b4b00e10cd2d84, type: 3}
      propertyPath: m_LocalPosition.y
      value: 0
      objectReference: {fileID: 0}
    - target: {fileID: 1001633381609419845, guid: 458698744b6f3a5438b4b00e10cd2d84, type: 3}
      propertyPath: m_LocalPosition.z
      value: -3.63
      objectReference: {fileID: 0}
    - target: {fileID: 1001633381609419845, guid: 458698744b6f3a5438b4b00e10cd2d84, type: 3}
      propertyPath: m_LocalRotation.w
      value: 1
      objectReference: {fileID: 0}
    - target: {fileID: 1001633381609419845, guid: 458698744b6f3a5438b4b00e10cd2d84, type: 3}
      propertyPath: m_LocalRotation.x
      value: -0
      objectReference: {fileID: 0}
    - target: {fileID: 1001633381609419845, guid: 458698744b6f3a5438b4b00e10cd2d84, type: 3}
      propertyPath: m_LocalRotation.y
      value: -0
      objectReference: {fileID: 0}
    - target: {fileID: 1001633381609419845, guid: 458698744b6f3a5438b4b00e10cd2d84, type: 3}
      propertyPath: m_LocalRotation.z
      value: -0
      objectReference: {fileID: 0}
    - target: {fileID: 1001633381609419845, guid: 458698744b6f3a5438b4b00e10cd2d84, type: 3}
      propertyPath: m_LocalEulerAnglesHint.x
      value: 0
      objectReference: {fileID: 0}
    - target: {fileID: 1001633381609419845, guid: 458698744b6f3a5438b4b00e10cd2d84, type: 3}
      propertyPath: m_LocalEulerAnglesHint.y
      value: 0
      objectReference: {fileID: 0}
    - target: {fileID: 1001633381609419845, guid: 458698744b6f3a5438b4b00e10cd2d84, type: 3}
      propertyPath: m_LocalEulerAnglesHint.z
      value: 0
      objectReference: {fileID: 0}
    - target: {fileID: 8886202458838520549, guid: 458698744b6f3a5438b4b00e10cd2d84, type: 3}
      propertyPath: m_Name
      value: GUN
      objectReference: {fileID: 0}
    m_RemovedComponents: []
  m_SourcePrefab: {fileID: 100100000, guid: 458698744b6f3a5438b4b00e10cd2d84, type: 3}
--- !u!4 &273108721 stripped
Transform:
  m_CorrespondingSourceObject: {fileID: 9058825715749950004, guid: a83e9dc98c82bb94186758a8e11d0652, type: 3}
  m_PrefabInstance: {fileID: 1918902239}
  m_PrefabAsset: {fileID: 0}
--- !u!1001 &388461546
PrefabInstance:
  m_ObjectHideFlags: 0
  serializedVersion: 2
  m_Modification:
    m_TransformParent: {fileID: 933754262}
    m_Modifications:
    - target: {fileID: 9058825715749950002, guid: a83e9dc98c82bb94186758a8e11d0652, type: 3}
      propertyPath: m_Name
      value: Coin Item (4)
      objectReference: {fileID: 0}
    - target: {fileID: 9058825715749950004, guid: a83e9dc98c82bb94186758a8e11d0652, type: 3}
      propertyPath: m_RootOrder
      value: 4
      objectReference: {fileID: 0}
    - target: {fileID: 9058825715749950004, guid: a83e9dc98c82bb94186758a8e11d0652, type: 3}
      propertyPath: m_LocalPosition.x
      value: 16.82
      objectReference: {fileID: 0}
    - target: {fileID: 9058825715749950004, guid: a83e9dc98c82bb94186758a8e11d0652, type: 3}
      propertyPath: m_LocalPosition.y
      value: 6.44
      objectReference: {fileID: 0}
    - target: {fileID: 9058825715749950004, guid: a83e9dc98c82bb94186758a8e11d0652, type: 3}
      propertyPath: m_LocalPosition.z
      value: 5.9
      objectReference: {fileID: 0}
    - target: {fileID: 9058825715749950004, guid: a83e9dc98c82bb94186758a8e11d0652, type: 3}
      propertyPath: m_LocalRotation.w
      value: 0.7071068
      objectReference: {fileID: 0}
    - target: {fileID: 9058825715749950004, guid: a83e9dc98c82bb94186758a8e11d0652, type: 3}
      propertyPath: m_LocalRotation.x
      value: 0.7071068
      objectReference: {fileID: 0}
    - target: {fileID: 9058825715749950004, guid: a83e9dc98c82bb94186758a8e11d0652, type: 3}
      propertyPath: m_LocalRotation.y
      value: -0
      objectReference: {fileID: 0}
    - target: {fileID: 9058825715749950004, guid: a83e9dc98c82bb94186758a8e11d0652, type: 3}
      propertyPath: m_LocalRotation.z
      value: -0
      objectReference: {fileID: 0}
    - target: {fileID: 9058825715749950004, guid: a83e9dc98c82bb94186758a8e11d0652, type: 3}
      propertyPath: m_LocalEulerAnglesHint.x
      value: 90
      objectReference: {fileID: 0}
    - target: {fileID: 9058825715749950004, guid: a83e9dc98c82bb94186758a8e11d0652, type: 3}
      propertyPath: m_LocalEulerAnglesHint.y
      value: 0
      objectReference: {fileID: 0}
    - target: {fileID: 9058825715749950004, guid: a83e9dc98c82bb94186758a8e11d0652, type: 3}
      propertyPath: m_LocalEulerAnglesHint.z
      value: 0
      objectReference: {fileID: 0}
    m_RemovedComponents: []
  m_SourcePrefab: {fileID: 100100000, guid: a83e9dc98c82bb94186758a8e11d0652, type: 3}
--- !u!4 &438597191 stripped
Transform:
  m_CorrespondingSourceObject: {fileID: 7871151972266532366, guid: 6aeb2d12926a2f64493bc3cdc670fd6b, type: 3}
  m_PrefabInstance: {fileID: 1909782139}
  m_PrefabAsset: {fileID: 0}
--- !u!1 &448936520
GameObject:
  m_ObjectHideFlags: 3
  m_CorrespondingSourceObject: {fileID: 0}
  m_PrefabInstance: {fileID: 0}
  m_PrefabAsset: {fileID: 0}
  serializedVersion: 6
  m_Component:
  - component: {fileID: 448936521}
  - component: {fileID: 448936524}
  - component: {fileID: 448936523}
  - component: {fileID: 448936522}
  m_Layer: 0
  m_Name: cm
  m_TagString: Untagged
  m_Icon: {fileID: 0}
  m_NavMeshLayer: 0
  m_StaticEditorFlags: 0
  m_IsActive: 1
--- !u!4 &448936521
Transform:
  m_ObjectHideFlags: 3
  m_CorrespondingSourceObject: {fileID: 0}
  m_PrefabInstance: {fileID: 0}
  m_PrefabAsset: {fileID: 0}
  m_GameObject: {fileID: 448936520}
  m_LocalRotation: {x: 0.07263284, y: -0.9185515, z: 0.20040491, w: -0.33290467}
  m_LocalPosition: {x: 0.07973099, y: 0.1471839, z: 20.454062}
  m_LocalScale: {x: 1, y: 1, z: 1}
  m_ConstrainProportionsScale: 0
  m_Children: []
  m_Father: {fileID: 898204414}
  m_RootOrder: 0
  m_LocalEulerAnglesHint: {x: 0, y: 0, z: 0}
--- !u!114 &448936522
MonoBehaviour:
  m_ObjectHideFlags: 3
  m_CorrespondingSourceObject: {fileID: 0}
  m_PrefabInstance: {fileID: 0}
  m_PrefabAsset: {fileID: 0}
  m_GameObject: {fileID: 448936520}
  m_Enabled: 1
  m_EditorHideFlags: 0
  m_Script: {fileID: 11500000, guid: fa7155796051b734daa718462081dc5f, type: 3}
  m_Name: 
  m_EditorClassIdentifier: 
  m_BindingMode: 4
  m_FollowOffset: {x: 0, y: 3.1, z: -10}
  m_XDamping: 1
  m_YDamping: 1
  m_ZDamping: 1
  m_AngularDampingMode: 0
  m_PitchDamping: 0
  m_YawDamping: 0
  m_RollDamping: 0
  m_AngularDamping: 0
--- !u!114 &448936523
MonoBehaviour:
  m_ObjectHideFlags: 3
  m_CorrespondingSourceObject: {fileID: 0}
  m_PrefabInstance: {fileID: 0}
  m_PrefabAsset: {fileID: 0}
  m_GameObject: {fileID: 448936520}
  m_Enabled: 1
  m_EditorHideFlags: 0
  m_Script: {fileID: 11500000, guid: f4044717213e31446939f7bd49c896ea, type: 3}
  m_Name: 
  m_EditorClassIdentifier: 
  m_TrackedObjectOffset: {x: 0, y: 0, z: 0}
  m_LookaheadTime: 0
  m_LookaheadSmoothing: 0
  m_LookaheadIgnoreY: 0
  m_HorizontalDamping: 0.5
  m_VerticalDamping: 0.5
  m_ScreenX: 0.5
  m_ScreenY: 0.5
  m_DeadZoneWidth: 0
  m_DeadZoneHeight: 0
  m_SoftZoneWidth: 0.8
  m_SoftZoneHeight: 0.8
  m_BiasX: 0
  m_BiasY: 0
  m_CenterOnActivate: 1
--- !u!114 &448936524
MonoBehaviour:
  m_ObjectHideFlags: 3
  m_CorrespondingSourceObject: {fileID: 0}
  m_PrefabInstance: {fileID: 0}
  m_PrefabAsset: {fileID: 0}
  m_GameObject: {fileID: 448936520}
  m_Enabled: 1
  m_EditorHideFlags: 0
  m_Script: {fileID: 11500000, guid: ac0b09e7857660247b1477e93731de29, type: 3}
  m_Name: 
  m_EditorClassIdentifier: 
--- !u!1001 &470178126
PrefabInstance:
  m_ObjectHideFlags: 0
  serializedVersion: 2
  m_Modification:
    m_TransformParent: {fileID: 933754262}
    m_Modifications:
    - target: {fileID: 9058825715749950002, guid: a83e9dc98c82bb94186758a8e11d0652, type: 3}
      propertyPath: m_Name
      value: Coin Item (8)
      objectReference: {fileID: 0}
    - target: {fileID: 9058825715749950004, guid: a83e9dc98c82bb94186758a8e11d0652, type: 3}
      propertyPath: m_RootOrder
      value: 8
      objectReference: {fileID: 0}
    - target: {fileID: 9058825715749950004, guid: a83e9dc98c82bb94186758a8e11d0652, type: 3}
      propertyPath: m_LocalPosition.x
      value: 13.19
      objectReference: {fileID: 0}
    - target: {fileID: 9058825715749950004, guid: a83e9dc98c82bb94186758a8e11d0652, type: 3}
      propertyPath: m_LocalPosition.y
      value: 6.44
      objectReference: {fileID: 0}
    - target: {fileID: 9058825715749950004, guid: a83e9dc98c82bb94186758a8e11d0652, type: 3}
      propertyPath: m_LocalPosition.z
      value: 1.63
      objectReference: {fileID: 0}
    - target: {fileID: 9058825715749950004, guid: a83e9dc98c82bb94186758a8e11d0652, type: 3}
      propertyPath: m_LocalRotation.w
      value: 0.7071068
      objectReference: {fileID: 0}
    - target: {fileID: 9058825715749950004, guid: a83e9dc98c82bb94186758a8e11d0652, type: 3}
      propertyPath: m_LocalRotation.x
      value: 0.7071068
      objectReference: {fileID: 0}
    - target: {fileID: 9058825715749950004, guid: a83e9dc98c82bb94186758a8e11d0652, type: 3}
      propertyPath: m_LocalRotation.y
      value: -0
      objectReference: {fileID: 0}
    - target: {fileID: 9058825715749950004, guid: a83e9dc98c82bb94186758a8e11d0652, type: 3}
      propertyPath: m_LocalRotation.z
      value: -0
      objectReference: {fileID: 0}
    - target: {fileID: 9058825715749950004, guid: a83e9dc98c82bb94186758a8e11d0652, type: 3}
      propertyPath: m_LocalEulerAnglesHint.x
      value: 90
      objectReference: {fileID: 0}
    - target: {fileID: 9058825715749950004, guid: a83e9dc98c82bb94186758a8e11d0652, type: 3}
      propertyPath: m_LocalEulerAnglesHint.y
      value: 0
      objectReference: {fileID: 0}
    - target: {fileID: 9058825715749950004, guid: a83e9dc98c82bb94186758a8e11d0652, type: 3}
      propertyPath: m_LocalEulerAnglesHint.z
      value: 0
      objectReference: {fileID: 0}
    m_RemovedComponents: []
  m_SourcePrefab: {fileID: 100100000, guid: a83e9dc98c82bb94186758a8e11d0652, type: 3}
--- !u!1001 &478059436
PrefabInstance:
  m_ObjectHideFlags: 0
  serializedVersion: 2
  m_Modification:
    m_TransformParent: {fileID: 933754262}
    m_Modifications:
    - target: {fileID: 9058825715749950002, guid: a83e9dc98c82bb94186758a8e11d0652, type: 3}
      propertyPath: m_Name
      value: Coin Item (9)
      objectReference: {fileID: 0}
    - target: {fileID: 9058825715749950004, guid: a83e9dc98c82bb94186758a8e11d0652, type: 3}
      propertyPath: m_RootOrder
      value: 9
      objectReference: {fileID: 0}
    - target: {fileID: 9058825715749950004, guid: a83e9dc98c82bb94186758a8e11d0652, type: 3}
      propertyPath: m_LocalPosition.x
      value: 14.19
      objectReference: {fileID: 0}
    - target: {fileID: 9058825715749950004, guid: a83e9dc98c82bb94186758a8e11d0652, type: 3}
      propertyPath: m_LocalPosition.y
      value: 6.44
      objectReference: {fileID: 0}
    - target: {fileID: 9058825715749950004, guid: a83e9dc98c82bb94186758a8e11d0652, type: 3}
      propertyPath: m_LocalPosition.z
      value: 8.79
      objectReference: {fileID: 0}
    - target: {fileID: 9058825715749950004, guid: a83e9dc98c82bb94186758a8e11d0652, type: 3}
      propertyPath: m_LocalRotation.w
      value: 0.7071068
      objectReference: {fileID: 0}
    - target: {fileID: 9058825715749950004, guid: a83e9dc98c82bb94186758a8e11d0652, type: 3}
      propertyPath: m_LocalRotation.x
      value: 0.7071068
      objectReference: {fileID: 0}
    - target: {fileID: 9058825715749950004, guid: a83e9dc98c82bb94186758a8e11d0652, type: 3}
      propertyPath: m_LocalRotation.y
      value: -0
      objectReference: {fileID: 0}
    - target: {fileID: 9058825715749950004, guid: a83e9dc98c82bb94186758a8e11d0652, type: 3}
      propertyPath: m_LocalRotation.z
      value: -0
      objectReference: {fileID: 0}
    - target: {fileID: 9058825715749950004, guid: a83e9dc98c82bb94186758a8e11d0652, type: 3}
      propertyPath: m_LocalEulerAnglesHint.x
      value: 90
      objectReference: {fileID: 0}
    - target: {fileID: 9058825715749950004, guid: a83e9dc98c82bb94186758a8e11d0652, type: 3}
      propertyPath: m_LocalEulerAnglesHint.y
      value: 0
      objectReference: {fileID: 0}
    - target: {fileID: 9058825715749950004, guid: a83e9dc98c82bb94186758a8e11d0652, type: 3}
      propertyPath: m_LocalEulerAnglesHint.z
      value: 0
      objectReference: {fileID: 0}
    m_RemovedComponents: []
  m_SourcePrefab: {fileID: 100100000, guid: a83e9dc98c82bb94186758a8e11d0652, type: 3}
--- !u!1001 &519231070
PrefabInstance:
  m_ObjectHideFlags: 0
  serializedVersion: 2
  m_Modification:
    m_TransformParent: {fileID: 1762377199}
    m_Modifications:
    - target: {fileID: 7871151972266532360, guid: 6aeb2d12926a2f64493bc3cdc670fd6b, type: 3}
      propertyPath: m_Name
      value: Diamond Item (8)
      objectReference: {fileID: 0}
    - target: {fileID: 7871151972266532366, guid: 6aeb2d12926a2f64493bc3cdc670fd6b, type: 3}
      propertyPath: m_RootOrder
      value: 8
      objectReference: {fileID: 0}
    - target: {fileID: 7871151972266532366, guid: 6aeb2d12926a2f64493bc3cdc670fd6b, type: 3}
      propertyPath: m_LocalPosition.x
      value: 9.32
      objectReference: {fileID: 0}
    - target: {fileID: 7871151972266532366, guid: 6aeb2d12926a2f64493bc3cdc670fd6b, type: 3}
      propertyPath: m_LocalPosition.y
      value: 6.4434586
      objectReference: {fileID: 0}
    - target: {fileID: 7871151972266532366, guid: 6aeb2d12926a2f64493bc3cdc670fd6b, type: 3}
      propertyPath: m_LocalPosition.z
      value: 8.95
      objectReference: {fileID: 0}
    - target: {fileID: 7871151972266532366, guid: 6aeb2d12926a2f64493bc3cdc670fd6b, type: 3}
      propertyPath: m_LocalRotation.w
      value: 0.92387956
      objectReference: {fileID: 0}
    - target: {fileID: 7871151972266532366, guid: 6aeb2d12926a2f64493bc3cdc670fd6b, type: 3}
      propertyPath: m_LocalRotation.x
      value: -0
      objectReference: {fileID: 0}
    - target: {fileID: 7871151972266532366, guid: 6aeb2d12926a2f64493bc3cdc670fd6b, type: 3}
      propertyPath: m_LocalRotation.y
      value: -0
      objectReference: {fileID: 0}
    - target: {fileID: 7871151972266532366, guid: 6aeb2d12926a2f64493bc3cdc670fd6b, type: 3}
      propertyPath: m_LocalRotation.z
      value: 0.38268343
      objectReference: {fileID: 0}
    - target: {fileID: 7871151972266532366, guid: 6aeb2d12926a2f64493bc3cdc670fd6b, type: 3}
      propertyPath: m_LocalEulerAnglesHint.x
      value: 0
      objectReference: {fileID: 0}
    - target: {fileID: 7871151972266532366, guid: 6aeb2d12926a2f64493bc3cdc670fd6b, type: 3}
      propertyPath: m_LocalEulerAnglesHint.y
      value: 0
      objectReference: {fileID: 0}
    - target: {fileID: 7871151972266532366, guid: 6aeb2d12926a2f64493bc3cdc670fd6b, type: 3}
      propertyPath: m_LocalEulerAnglesHint.z
      value: 45
      objectReference: {fileID: 0}
    m_RemovedComponents: []
  m_SourcePrefab: {fileID: 100100000, guid: 6aeb2d12926a2f64493bc3cdc670fd6b, type: 3}
--- !u!4 &629787898 stripped
Transform:
  m_CorrespondingSourceObject: {fileID: 9058825715749950004, guid: a83e9dc98c82bb94186758a8e11d0652, type: 3}
  m_PrefabInstance: {fileID: 470178126}
  m_PrefabAsset: {fileID: 0}
--- !u!4 &653809532 stripped
Transform:
  m_CorrespondingSourceObject: {fileID: 7871151972266532366, guid: 6aeb2d12926a2f64493bc3cdc670fd6b, type: 3}
  m_PrefabInstance: {fileID: 1919396535}
  m_PrefabAsset: {fileID: 0}
--- !u!1 &721442331
GameObject:
  m_ObjectHideFlags: 0
  m_CorrespondingSourceObject: {fileID: 0}
  m_PrefabInstance: {fileID: 0}
  m_PrefabAsset: {fileID: 0}
  serializedVersion: 6
  m_Component:
  - component: {fileID: 721442334}
  - component: {fileID: 721442333}
  - component: {fileID: 721442332}
  - component: {fileID: 721442335}
  m_Layer: 0
  m_Name: Main Camera
  m_TagString: MainCamera
  m_Icon: {fileID: 0}
  m_NavMeshLayer: 0
  m_StaticEditorFlags: 0
  m_IsActive: 1
--- !u!81 &721442332
AudioListener:
  m_ObjectHideFlags: 0
  m_CorrespondingSourceObject: {fileID: 0}
  m_PrefabInstance: {fileID: 0}
  m_PrefabAsset: {fileID: 0}
  m_GameObject: {fileID: 721442331}
  m_Enabled: 1
--- !u!20 &721442333
Camera:
  m_ObjectHideFlags: 0
  m_CorrespondingSourceObject: {fileID: 0}
  m_PrefabInstance: {fileID: 0}
  m_PrefabAsset: {fileID: 0}
  m_GameObject: {fileID: 721442331}
  m_Enabled: 1
  serializedVersion: 2
  m_ClearFlags: 1
  m_BackGroundColor: {r: 0.19215687, g: 0.3019608, b: 0.4745098, a: 0}
  m_projectionMatrixMode: 1
  m_GateFitMode: 2
  m_FOVAxisMode: 0
  m_SensorSize: {x: 36, y: 24}
  m_LensShift: {x: 0, y: 0}
  m_FocalLength: 50
  m_NormalizedViewPortRect:
    serializedVersion: 2
    x: 0
    y: 0
    width: 1
    height: 1
  near clip plane: 0.3
  far clip plane: 1000
  field of view: 60
  orthographic: 0
  orthographic size: 5
  m_Depth: -1
  m_CullingMask:
    serializedVersion: 2
    m_Bits: 4294967295
  m_RenderingPath: -1
  m_TargetTexture: {fileID: 0}
  m_TargetDisplay: 0
  m_TargetEye: 3
  m_HDR: 1
  m_AllowMSAA: 1
  m_AllowDynamicResolution: 0
  m_ForceIntoRT: 0
  m_OcclusionCulling: 1
  m_StereoConvergence: 10
  m_StereoSeparation: 0.022
--- !u!4 &721442334
Transform:
  m_ObjectHideFlags: 0
  m_CorrespondingSourceObject: {fileID: 0}
  m_PrefabInstance: {fileID: 0}
  m_PrefabAsset: {fileID: 0}
  m_GameObject: {fileID: 721442331}
  m_LocalRotation: {x: 0.1497375, y: -0.000000049857398, z: 0.00000000755065, w: 0.9887258}
  m_LocalPosition: {x: 0, y: 4.1, z: -10}
  m_LocalScale: {x: 1, y: 1, z: 1}
  m_ConstrainProportionsScale: 0
  m_Children: []
  m_Father: {fileID: 0}
  m_RootOrder: 0
  m_LocalEulerAnglesHint: {x: 0, y: 0, z: 0}
--- !u!114 &721442335
MonoBehaviour:
  m_ObjectHideFlags: 0
  m_CorrespondingSourceObject: {fileID: 0}
  m_PrefabInstance: {fileID: 0}
  m_PrefabAsset: {fileID: 0}
  m_GameObject: {fileID: 721442331}
  m_Enabled: 1
  m_EditorHideFlags: 0
  m_Script: {fileID: 11500000, guid: 72ece51f2901e7445ab60da3685d6b5f, type: 3}
  m_Name: 
  m_EditorClassIdentifier: 
  m_ShowDebugText: 0
  m_ShowCameraFrustum: 1
  m_IgnoreTimeScale: 0
  m_WorldUpOverride: {fileID: 0}
  m_UpdateMethod: 2
  m_BlendUpdateMethod: 1
  m_DefaultBlend:
    m_Style: 1
    m_Time: 2
    m_CustomCurve:
      serializedVersion: 2
      m_Curve: []
      m_PreInfinity: 2
      m_PostInfinity: 2
      m_RotationOrder: 4
  m_CustomBlends: {fileID: 0}
  m_CameraCutEvent:
    m_PersistentCalls:
      m_Calls: []
  m_CameraActivatedEvent:
    m_PersistentCalls:
      m_Calls: []
--- !u!4 &818588306 stripped
Transform:
  m_CorrespondingSourceObject: {fileID: 1001633381609419845, guid: 458698744b6f3a5438b4b00e10cd2d84, type: 3}
  m_PrefabInstance: {fileID: 1230419257}
  m_PrefabAsset: {fileID: 0}
--- !u!4 &821103133 stripped
Transform:
  m_CorrespondingSourceObject: {fileID: 7871151972266532366, guid: 6aeb2d12926a2f64493bc3cdc670fd6b, type: 3}
  m_PrefabInstance: {fileID: 1986874052}
  m_PrefabAsset: {fileID: 0}
--- !u!1 &872889089
GameObject:
  m_ObjectHideFlags: 0
  m_CorrespondingSourceObject: {fileID: 0}
  m_PrefabInstance: {fileID: 0}
  m_PrefabAsset: {fileID: 0}
  serializedVersion: 6
  m_Component:
  - component: {fileID: 872889091}
  - component: {fileID: 872889090}
  m_Layer: 0
  m_Name: PrefabLauncher (RTC)
  m_TagString: Untagged
  m_Icon: {fileID: 0}
  m_NavMeshLayer: 0
  m_StaticEditorFlags: 0
  m_IsActive: 1
--- !u!114 &872889090
MonoBehaviour:
  m_ObjectHideFlags: 0
  m_CorrespondingSourceObject: {fileID: 0}
  m_PrefabInstance: {fileID: 0}
  m_PrefabAsset: {fileID: 0}
  m_GameObject: {fileID: 872889089}
  m_Enabled: 1
  m_EditorHideFlags: 0
  m_Script: {fileID: 11500000, guid: 483227b6d4a65af4c9733a3df4cb834f, type: 3}
  m_Name: 
  m_EditorClassIdentifier: 
  m_Interval: 0.3
  m_PrefabToBeLaunched: {fileID: 2713377745462110450, guid: 11207d6a3143be6418124cd1efaa5cfb, type: 3}
  m_Power: 10
--- !u!4 &872889091
Transform:
  m_ObjectHideFlags: 0
  m_CorrespondingSourceObject: {fileID: 0}
  m_PrefabInstance: {fileID: 0}
  m_PrefabAsset: {fileID: 0}
  m_GameObject: {fileID: 872889089}
  m_LocalRotation: {x: -0.1709662, y: 0.68612725, z: 0.17096624, w: 0.68612725}
  m_LocalPosition: {x: 0.63, y: 0.52, z: -0.39}
  m_LocalScale: {x: 5.263158, y: 2.365533, z: 1.1270622}
  m_ConstrainProportionsScale: 0
  m_Children: []
  m_Father: {fileID: 818588306}
  m_RootOrder: 1
  m_LocalEulerAnglesHint: {x: -27.984, y: 90, z: 0}
--- !u!1 &898204412
GameObject:
  m_ObjectHideFlags: 0
  m_CorrespondingSourceObject: {fileID: 0}
  m_PrefabInstance: {fileID: 0}
  m_PrefabAsset: {fileID: 0}
  serializedVersion: 6
  m_Component:
  - component: {fileID: 898204414}
  - component: {fileID: 898204413}
  m_Layer: 0
  m_Name: CM vcam1
  m_TagString: Untagged
  m_Icon: {fileID: 0}
  m_NavMeshLayer: 0
  m_StaticEditorFlags: 0
  m_IsActive: 1
--- !u!114 &898204413
MonoBehaviour:
  m_ObjectHideFlags: 0
  m_CorrespondingSourceObject: {fileID: 0}
  m_PrefabInstance: {fileID: 0}
  m_PrefabAsset: {fileID: 0}
  m_GameObject: {fileID: 898204412}
  m_Enabled: 1
  m_EditorHideFlags: 0
  m_Script: {fileID: 11500000, guid: 45e653bab7fb20e499bda25e1b646fea, type: 3}
  m_Name: 
  m_EditorClassIdentifier: 
  m_ExcludedPropertiesInInspector:
  - m_Script
  m_LockStageInInspector: 
  m_StreamingVersion: 20170927
  m_Priority: 10
  m_StandbyUpdate: 2
  m_LookAt: {fileID: 1746798607}
  m_Follow: {fileID: 1746798607}
  m_Lens:
    FieldOfView: 60
    OrthographicSize: 5
    NearClipPlane: 0.3
    FarClipPlane: 1000
    Dutch: 0
    ModeOverride: 0
    LensShift: {x: 0, y: 0}
    GateFit: 2
    m_SensorSize: {x: 1, y: 1}
  m_Transitions:
    m_BlendHint: 0
    m_InheritPosition: 0
    m_OnCameraLive:
      m_PersistentCalls:
        m_Calls: []
  m_LegacyBlendHint: 0
  m_ComponentOwner: {fileID: 448936521}
--- !u!4 &898204414
Transform:
  m_ObjectHideFlags: 0
  m_CorrespondingSourceObject: {fileID: 0}
  m_PrefabInstance: {fileID: 0}
  m_PrefabAsset: {fileID: 0}
  m_GameObject: {fileID: 898204412}
  m_LocalRotation: {x: 0.1497375, y: -0.000000049857398, z: 0.00000000755065, w: 0.9887258}
  m_LocalPosition: {x: 0, y: 4.1, z: -10}
  m_LocalScale: {x: 1, y: 1, z: 1}
  m_ConstrainProportionsScale: 0
  m_Children:
  - {fileID: 448936521}
  m_Father: {fileID: 0}
  m_RootOrder: 4
  m_LocalEulerAnglesHint: {x: 0, y: 0, z: 0}
--- !u!4 &906783649 stripped
Transform:
  m_CorrespondingSourceObject: {fileID: 7871151972266532366, guid: 6aeb2d12926a2f64493bc3cdc670fd6b, type: 3}
  m_PrefabInstance: {fileID: 2040307504}
  m_PrefabAsset: {fileID: 0}
--- !u!4 &918297105 stripped
Transform:
  m_CorrespondingSourceObject: {fileID: 9058825715749950004, guid: a83e9dc98c82bb94186758a8e11d0652, type: 3}
  m_PrefabInstance: {fileID: 960860581}
  m_PrefabAsset: {fileID: 0}
--- !u!1 &933754261
GameObject:
  m_ObjectHideFlags: 0
  m_CorrespondingSourceObject: {fileID: 0}
  m_PrefabInstance: {fileID: 0}
  m_PrefabAsset: {fileID: 0}
  serializedVersion: 6
  m_Component:
  - component: {fileID: 933754262}
  m_Layer: 0
  m_Name: Coin
  m_TagString: Untagged
  m_Icon: {fileID: 0}
  m_NavMeshLayer: 0
  m_StaticEditorFlags: 0
  m_IsActive: 1
--- !u!4 &933754262
Transform:
  m_ObjectHideFlags: 0
  m_CorrespondingSourceObject: {fileID: 0}
  m_PrefabInstance: {fileID: 0}
  m_PrefabAsset: {fileID: 0}
  m_GameObject: {fileID: 933754261}
  m_LocalRotation: {x: 0, y: 0, z: 0, w: 1}
  m_LocalPosition: {x: -11.7005205, y: -6.1934586, z: -6.659957}
  m_LocalScale: {x: 1, y: 1, z: 1}
  m_ConstrainProportionsScale: 0
  m_Children:
  - {fileID: 1484989167}
  - {fileID: 1593417162}
  - {fileID: 147028572}
  - {fileID: 273108721}
  - {fileID: 1564075579}
  - {fileID: 918297105}
  - {fileID: 2064413210}
  - {fileID: 1786046702}
  - {fileID: 629787898}
  - {fileID: 959351411}
  m_Father: {fileID: 0}
  m_RootOrder: 6
  m_LocalEulerAnglesHint: {x: 0, y: 0, z: 0}
--- !u!4 &959351411 stripped
Transform:
  m_CorrespondingSourceObject: {fileID: 9058825715749950004, guid: a83e9dc98c82bb94186758a8e11d0652, type: 3}
  m_PrefabInstance: {fileID: 478059436}
  m_PrefabAsset: {fileID: 0}
--- !u!1001 &960860581
PrefabInstance:
  m_ObjectHideFlags: 0
  serializedVersion: 2
  m_Modification:
    m_TransformParent: {fileID: 933754262}
    m_Modifications:
    - target: {fileID: 9058825715749950002, guid: a83e9dc98c82bb94186758a8e11d0652, type: 3}
      propertyPath: m_Name
      value: Coin Item (5)
      objectReference: {fileID: 0}
    - target: {fileID: 9058825715749950004, guid: a83e9dc98c82bb94186758a8e11d0652, type: 3}
      propertyPath: m_RootOrder
      value: 5
      objectReference: {fileID: 0}
    - target: {fileID: 9058825715749950004, guid: a83e9dc98c82bb94186758a8e11d0652, type: 3}
      propertyPath: m_LocalPosition.x
      value: 18.79
      objectReference: {fileID: 0}
    - target: {fileID: 9058825715749950004, guid: a83e9dc98c82bb94186758a8e11d0652, type: 3}
      propertyPath: m_LocalPosition.y
      value: 6.44
      objectReference: {fileID: 0}
    - target: {fileID: 9058825715749950004, guid: a83e9dc98c82bb94186758a8e11d0652, type: 3}
      propertyPath: m_LocalPosition.z
      value: 8.92
      objectReference: {fileID: 0}
    - target: {fileID: 9058825715749950004, guid: a83e9dc98c82bb94186758a8e11d0652, type: 3}
      propertyPath: m_LocalRotation.w
      value: 0.7071068
      objectReference: {fileID: 0}
    - target: {fileID: 9058825715749950004, guid: a83e9dc98c82bb94186758a8e11d0652, type: 3}
      propertyPath: m_LocalRotation.x
      value: 0.7071068
      objectReference: {fileID: 0}
    - target: {fileID: 9058825715749950004, guid: a83e9dc98c82bb94186758a8e11d0652, type: 3}
      propertyPath: m_LocalRotation.y
      value: -0
      objectReference: {fileID: 0}
    - target: {fileID: 9058825715749950004, guid: a83e9dc98c82bb94186758a8e11d0652, type: 3}
      propertyPath: m_LocalRotation.z
      value: -0
      objectReference: {fileID: 0}
    - target: {fileID: 9058825715749950004, guid: a83e9dc98c82bb94186758a8e11d0652, type: 3}
      propertyPath: m_LocalEulerAnglesHint.x
      value: 90
      objectReference: {fileID: 0}
    - target: {fileID: 9058825715749950004, guid: a83e9dc98c82bb94186758a8e11d0652, type: 3}
      propertyPath: m_LocalEulerAnglesHint.y
      value: 0
      objectReference: {fileID: 0}
    - target: {fileID: 9058825715749950004, guid: a83e9dc98c82bb94186758a8e11d0652, type: 3}
      propertyPath: m_LocalEulerAnglesHint.z
      value: 0
      objectReference: {fileID: 0}
    m_RemovedComponents: []
  m_SourcePrefab: {fileID: 100100000, guid: a83e9dc98c82bb94186758a8e11d0652, type: 3}
--- !u!1001 &1074405677
PrefabInstance:
  m_ObjectHideFlags: 0
  serializedVersion: 2
  m_Modification:
    m_TransformParent: {fileID: 933754262}
    m_Modifications:
    - target: {fileID: 9058825715749950002, guid: a83e9dc98c82bb94186758a8e11d0652, type: 3}
      propertyPath: m_Name
      value: Coin Item (1)
      objectReference: {fileID: 0}
    - target: {fileID: 9058825715749950004, guid: a83e9dc98c82bb94186758a8e11d0652, type: 3}
      propertyPath: m_RootOrder
      value: 1
      objectReference: {fileID: 0}
    - target: {fileID: 9058825715749950004, guid: a83e9dc98c82bb94186758a8e11d0652, type: 3}
      propertyPath: m_LocalPosition.x
      value: 14.5
      objectReference: {fileID: 0}
    - target: {fileID: 9058825715749950004, guid: a83e9dc98c82bb94186758a8e11d0652, type: 3}
      propertyPath: m_LocalPosition.y
      value: 6.4434586
      objectReference: {fileID: 0}
    - target: {fileID: 9058825715749950004, guid: a83e9dc98c82bb94186758a8e11d0652, type: 3}
      propertyPath: m_LocalPosition.z
      value: 11.249957
      objectReference: {fileID: 0}
    - target: {fileID: 9058825715749950004, guid: a83e9dc98c82bb94186758a8e11d0652, type: 3}
      propertyPath: m_LocalRotation.w
      value: 0.7071068
      objectReference: {fileID: 0}
    - target: {fileID: 9058825715749950004, guid: a83e9dc98c82bb94186758a8e11d0652, type: 3}
      propertyPath: m_LocalRotation.x
      value: 0.7071068
      objectReference: {fileID: 0}
    - target: {fileID: 9058825715749950004, guid: a83e9dc98c82bb94186758a8e11d0652, type: 3}
      propertyPath: m_LocalRotation.y
      value: -0
      objectReference: {fileID: 0}
    - target: {fileID: 9058825715749950004, guid: a83e9dc98c82bb94186758a8e11d0652, type: 3}
      propertyPath: m_LocalRotation.z
      value: -0
      objectReference: {fileID: 0}
    - target: {fileID: 9058825715749950004, guid: a83e9dc98c82bb94186758a8e11d0652, type: 3}
      propertyPath: m_LocalEulerAnglesHint.x
      value: 90
      objectReference: {fileID: 0}
    - target: {fileID: 9058825715749950004, guid: a83e9dc98c82bb94186758a8e11d0652, type: 3}
      propertyPath: m_LocalEulerAnglesHint.y
      value: 0
      objectReference: {fileID: 0}
    - target: {fileID: 9058825715749950004, guid: a83e9dc98c82bb94186758a8e11d0652, type: 3}
      propertyPath: m_LocalEulerAnglesHint.z
      value: 0
      objectReference: {fileID: 0}
    m_RemovedComponents: []
  m_SourcePrefab: {fileID: 100100000, guid: a83e9dc98c82bb94186758a8e11d0652, type: 3}
--- !u!1001 &1230419257
PrefabInstance:
  m_ObjectHideFlags: 0
  serializedVersion: 2
  m_Modification:
    m_TransformParent: {fileID: 0}
    m_Modifications:
    - target: {fileID: 1001633381609419845, guid: 458698744b6f3a5438b4b00e10cd2d84, type: 3}
      propertyPath: m_RootOrder
      value: 8
      objectReference: {fileID: 0}
    - target: {fileID: 1001633381609419845, guid: 458698744b6f3a5438b4b00e10cd2d84, type: 3}
      propertyPath: m_LocalPosition.x
      value: -0.74
      objectReference: {fileID: 0}
    - target: {fileID: 1001633381609419845, guid: 458698744b6f3a5438b4b00e10cd2d84, type: 3}
      propertyPath: m_LocalPosition.y
      value: 0
      objectReference: {fileID: 0}
    - target: {fileID: 1001633381609419845, guid: 458698744b6f3a5438b4b00e10cd2d84, type: 3}
      propertyPath: m_LocalPosition.z
      value: 6.2
      objectReference: {fileID: 0}
    - target: {fileID: 1001633381609419845, guid: 458698744b6f3a5438b4b00e10cd2d84, type: 3}
      propertyPath: m_LocalRotation.w
      value: 1
      objectReference: {fileID: 0}
    - target: {fileID: 1001633381609419845, guid: 458698744b6f3a5438b4b00e10cd2d84, type: 3}
      propertyPath: m_LocalRotation.x
      value: 0
      objectReference: {fileID: 0}
    - target: {fileID: 1001633381609419845, guid: 458698744b6f3a5438b4b00e10cd2d84, type: 3}
      propertyPath: m_LocalRotation.y
      value: 0
      objectReference: {fileID: 0}
    - target: {fileID: 1001633381609419845, guid: 458698744b6f3a5438b4b00e10cd2d84, type: 3}
      propertyPath: m_LocalRotation.z
      value: 0
      objectReference: {fileID: 0}
    - target: {fileID: 1001633381609419845, guid: 458698744b6f3a5438b4b00e10cd2d84, type: 3}
      propertyPath: m_LocalEulerAnglesHint.x
      value: 0
      objectReference: {fileID: 0}
    - target: {fileID: 1001633381609419845, guid: 458698744b6f3a5438b4b00e10cd2d84, type: 3}
      propertyPath: m_LocalEulerAnglesHint.y
      value: 0
      objectReference: {fileID: 0}
    - target: {fileID: 1001633381609419845, guid: 458698744b6f3a5438b4b00e10cd2d84, type: 3}
      propertyPath: m_LocalEulerAnglesHint.z
      value: 0
      objectReference: {fileID: 0}
    - target: {fileID: 8886202458838520549, guid: 458698744b6f3a5438b4b00e10cd2d84, type: 3}
      propertyPath: m_Name
      value: GUN (1)
      objectReference: {fileID: 0}
    m_RemovedComponents: []
  m_SourcePrefab: {fileID: 100100000, guid: 458698744b6f3a5438b4b00e10cd2d84, type: 3}
--- !u!1 &1231393293
GameObject:
  m_ObjectHideFlags: 0
  m_CorrespondingSourceObject: {fileID: 0}
  m_PrefabInstance: {fileID: 0}
  m_PrefabAsset: {fileID: 0}
  serializedVersion: 6
  m_Component:
  - component: {fileID: 1231393298}
  - component: {fileID: 1231393297}
  - component: {fileID: 1231393296}
  - component: {fileID: 1231393295}
  - component: {fileID: 1231393294}
  m_Layer: 0
  m_Name: powerup
  m_TagString: Untagged
  m_Icon: {fileID: 0}
  m_NavMeshLayer: 0
  m_StaticEditorFlags: 0
  m_IsActive: 1
--- !u!114 &1231393294
MonoBehaviour:
  m_ObjectHideFlags: 0
  m_CorrespondingSourceObject: {fileID: 0}
  m_PrefabInstance: {fileID: 0}
  m_PrefabAsset: {fileID: 0}
  m_GameObject: {fileID: 1231393293}
  m_Enabled: 1
  m_EditorHideFlags: 0
  m_Script: {fileID: 11500000, guid: 4992980b5a458744fa63deb9ef9b8883, type: 3}
  m_Name: 
  m_EditorClassIdentifier: 
  m_ItemType: 2
--- !u!135 &1231393295
SphereCollider:
  m_ObjectHideFlags: 0
  m_CorrespondingSourceObject: {fileID: 0}
  m_PrefabInstance: {fileID: 0}
  m_PrefabAsset: {fileID: 0}
  m_GameObject: {fileID: 1231393293}
  m_Material: {fileID: 0}
  m_IsTrigger: 1
  m_Enabled: 1
  serializedVersion: 2
  m_Radius: 0.5
  m_Center: {x: 0, y: 0, z: 0}
--- !u!23 &1231393296
MeshRenderer:
  m_ObjectHideFlags: 0
  m_CorrespondingSourceObject: {fileID: 0}
  m_PrefabInstance: {fileID: 0}
  m_PrefabAsset: {fileID: 0}
  m_GameObject: {fileID: 1231393293}
  m_Enabled: 1
  m_CastShadows: 1
  m_ReceiveShadows: 1
  m_DynamicOccludee: 1
  m_StaticShadowCaster: 0
  m_MotionVectors: 1
  m_LightProbeUsage: 1
  m_ReflectionProbeUsage: 1
  m_RayTracingMode: 2
  m_RayTraceProcedural: 0
  m_RenderingLayerMask: 1
  m_RendererPriority: 0
  m_Materials:
  - {fileID: 10303, guid: 0000000000000000f000000000000000, type: 0}
  m_StaticBatchInfo:
    firstSubMesh: 0
    subMeshCount: 0
  m_StaticBatchRoot: {fileID: 0}
  m_ProbeAnchor: {fileID: 0}
  m_LightProbeVolumeOverride: {fileID: 0}
  m_ScaleInLightmap: 1
  m_ReceiveGI: 1
  m_PreserveUVs: 0
  m_IgnoreNormalsForChartDetection: 0
  m_ImportantGI: 0
  m_StitchLightmapSeams: 1
  m_SelectedEditorRenderState: 3
  m_MinimumChartSize: 4
  m_AutoUVMaxDistance: 0.5
  m_AutoUVMaxAngle: 89
  m_LightmapParameters: {fileID: 0}
  m_SortingLayerID: 0
  m_SortingLayer: 0
  m_SortingOrder: 0
  m_AdditionalVertexStreams: {fileID: 0}
--- !u!33 &1231393297
MeshFilter:
  m_ObjectHideFlags: 0
  m_CorrespondingSourceObject: {fileID: 0}
  m_PrefabInstance: {fileID: 0}
  m_PrefabAsset: {fileID: 0}
  m_GameObject: {fileID: 1231393293}
  m_Mesh: {fileID: 10207, guid: 0000000000000000e000000000000000, type: 0}
--- !u!4 &1231393298
Transform:
  m_ObjectHideFlags: 0
  m_CorrespondingSourceObject: {fileID: 0}
  m_PrefabInstance: {fileID: 0}
  m_PrefabAsset: {fileID: 0}
  m_GameObject: {fileID: 1231393293}
  m_LocalRotation: {x: 0, y: 0, z: 0, w: 1}
  m_LocalPosition: {x: -2.32, y: 0.96, z: -2.85}
  m_LocalScale: {x: 1, y: 1, z: 1}
  m_ConstrainProportionsScale: 0
  m_Children: []
  m_Father: {fileID: 0}
  m_RootOrder: 9
  m_LocalEulerAnglesHint: {x: 0, y: 0, z: 0}
--- !u!1 &1238147650
GameObject:
  m_ObjectHideFlags: 0
  m_CorrespondingSourceObject: {fileID: 0}
  m_PrefabInstance: {fileID: 0}
  m_PrefabAsset: {fileID: 0}
  serializedVersion: 6
  m_Component:
  - component: {fileID: 1238147655}
  - component: {fileID: 1238147654}
  - component: {fileID: 1238147653}
  - component: {fileID: 1238147652}
  - component: {fileID: 1238147651}
  m_Layer: 0
  m_Name: Medkit
  m_TagString: Untagged
  m_Icon: {fileID: 0}
  m_NavMeshLayer: 0
  m_StaticEditorFlags: 0
  m_IsActive: 1
--- !u!114 &1238147651
MonoBehaviour:
  m_ObjectHideFlags: 0
  m_CorrespondingSourceObject: {fileID: 0}
  m_PrefabInstance: {fileID: 0}
  m_PrefabAsset: {fileID: 0}
  m_GameObject: {fileID: 1238147650}
  m_Enabled: 1
  m_EditorHideFlags: 0
  m_Script: {fileID: 11500000, guid: 4992980b5a458744fa63deb9ef9b8883, type: 3}
  m_Name: 
  m_EditorClassIdentifier: 
  m_ItemType: 4
--- !u!135 &1238147652
SphereCollider:
  m_ObjectHideFlags: 0
  m_CorrespondingSourceObject: {fileID: 0}
  m_PrefabInstance: {fileID: 0}
  m_PrefabAsset: {fileID: 0}
  m_GameObject: {fileID: 1238147650}
  m_Material: {fileID: 0}
  m_IsTrigger: 1
  m_Enabled: 1
  serializedVersion: 2
  m_Radius: 0.5
  m_Center: {x: 0, y: 0, z: 0}
--- !u!23 &1238147653
MeshRenderer:
  m_ObjectHideFlags: 0
  m_CorrespondingSourceObject: {fileID: 0}
  m_PrefabInstance: {fileID: 0}
  m_PrefabAsset: {fileID: 0}
  m_GameObject: {fileID: 1238147650}
  m_Enabled: 1
  m_CastShadows: 1
  m_ReceiveShadows: 1
  m_DynamicOccludee: 1
  m_StaticShadowCaster: 0
  m_MotionVectors: 1
  m_LightProbeUsage: 1
  m_ReflectionProbeUsage: 1
  m_RayTracingMode: 2
  m_RayTraceProcedural: 0
  m_RenderingLayerMask: 1
  m_RendererPriority: 0
  m_Materials:
  - {fileID: 2100000, guid: 58bc5bec73b8c674388cf96c74a00304, type: 2}
  m_StaticBatchInfo:
    firstSubMesh: 0
    subMeshCount: 0
  m_StaticBatchRoot: {fileID: 0}
  m_ProbeAnchor: {fileID: 0}
  m_LightProbeVolumeOverride: {fileID: 0}
  m_ScaleInLightmap: 1
  m_ReceiveGI: 1
  m_PreserveUVs: 0
  m_IgnoreNormalsForChartDetection: 0
  m_ImportantGI: 0
  m_StitchLightmapSeams: 1
  m_SelectedEditorRenderState: 3
  m_MinimumChartSize: 4
  m_AutoUVMaxDistance: 0.5
  m_AutoUVMaxAngle: 89
  m_LightmapParameters: {fileID: 0}
  m_SortingLayerID: 0
  m_SortingLayer: 0
  m_SortingOrder: 0
  m_AdditionalVertexStreams: {fileID: 0}
--- !u!33 &1238147654
MeshFilter:
  m_ObjectHideFlags: 0
  m_CorrespondingSourceObject: {fileID: 0}
  m_PrefabInstance: {fileID: 0}
  m_PrefabAsset: {fileID: 0}
  m_GameObject: {fileID: 1238147650}
  m_Mesh: {fileID: 10207, guid: 0000000000000000e000000000000000, type: 0}
--- !u!4 &1238147655
Transform:
  m_ObjectHideFlags: 0
  m_CorrespondingSourceObject: {fileID: 0}
  m_PrefabInstance: {fileID: 0}
  m_PrefabAsset: {fileID: 0}
  m_GameObject: {fileID: 1238147650}
  m_LocalRotation: {x: 0, y: 0, z: 0, w: 1}
  m_LocalPosition: {x: 3.17, y: 1.33, z: 11.95}
  m_LocalScale: {x: 2, y: 2, z: 2}
  m_ConstrainProportionsScale: 0
  m_Children: []
  m_Father: {fileID: 0}
  m_RootOrder: 11
  m_LocalEulerAnglesHint: {x: 0, y: 0, z: 0}
--- !u!4 &1289992219 stripped
Transform:
  m_CorrespondingSourceObject: {fileID: 7871151972266532366, guid: 6aeb2d12926a2f64493bc3cdc670fd6b, type: 3}
  m_PrefabInstance: {fileID: 1813951205}
  m_PrefabAsset: {fileID: 0}
--- !u!1 &1361422676
GameObject:
  m_ObjectHideFlags: 0
  m_CorrespondingSourceObject: {fileID: 0}
  m_PrefabInstance: {fileID: 0}
  m_PrefabAsset: {fileID: 0}
  serializedVersion: 6
  m_Component:
  - component: {fileID: 1361422680}
  - component: {fileID: 1361422679}
  - component: {fileID: 1361422678}
  - component: {fileID: 1361422677}
  m_Layer: 0
  m_Name: Plane-Playground
  m_TagString: Untagged
  m_Icon: {fileID: 0}
  m_NavMeshLayer: 0
  m_StaticEditorFlags: 0
  m_IsActive: 1
--- !u!64 &1361422677
MeshCollider:
  m_ObjectHideFlags: 0
  m_CorrespondingSourceObject: {fileID: 0}
  m_PrefabInstance: {fileID: 0}
  m_PrefabAsset: {fileID: 0}
  m_GameObject: {fileID: 1361422676}
  m_Material: {fileID: 0}
  m_IsTrigger: 0
  m_Enabled: 1
  serializedVersion: 4
  m_Convex: 0
  m_CookingOptions: 30
  m_Mesh: {fileID: 10209, guid: 0000000000000000e000000000000000, type: 0}
--- !u!23 &1361422678
MeshRenderer:
  m_ObjectHideFlags: 0
  m_CorrespondingSourceObject: {fileID: 0}
  m_PrefabInstance: {fileID: 0}
  m_PrefabAsset: {fileID: 0}
  m_GameObject: {fileID: 1361422676}
  m_Enabled: 1
  m_CastShadows: 1
  m_ReceiveShadows: 1
  m_DynamicOccludee: 1
  m_StaticShadowCaster: 0
  m_MotionVectors: 1
  m_LightProbeUsage: 1
  m_ReflectionProbeUsage: 1
  m_RayTracingMode: 2
  m_RayTraceProcedural: 0
  m_RenderingLayerMask: 1
  m_RendererPriority: 0
  m_Materials:
  - {fileID: 2100000, guid: 1862ab9b8a45e0140842241035d96199, type: 2}
  m_StaticBatchInfo:
    firstSubMesh: 0
    subMeshCount: 0
  m_StaticBatchRoot: {fileID: 0}
  m_ProbeAnchor: {fileID: 0}
  m_LightProbeVolumeOverride: {fileID: 0}
  m_ScaleInLightmap: 1
  m_ReceiveGI: 1
  m_PreserveUVs: 0
  m_IgnoreNormalsForChartDetection: 0
  m_ImportantGI: 0
  m_StitchLightmapSeams: 1
  m_SelectedEditorRenderState: 3
  m_MinimumChartSize: 4
  m_AutoUVMaxDistance: 0.5
  m_AutoUVMaxAngle: 89
  m_LightmapParameters: {fileID: 0}
  m_SortingLayerID: 0
  m_SortingLayer: 0
  m_SortingOrder: 0
  m_AdditionalVertexStreams: {fileID: 0}
--- !u!33 &1361422679
MeshFilter:
  m_ObjectHideFlags: 0
  m_CorrespondingSourceObject: {fileID: 0}
  m_PrefabInstance: {fileID: 0}
  m_PrefabAsset: {fileID: 0}
  m_GameObject: {fileID: 1361422676}
  m_Mesh: {fileID: 10209, guid: 0000000000000000e000000000000000, type: 0}
--- !u!4 &1361422680
Transform:
  m_ObjectHideFlags: 0
  m_CorrespondingSourceObject: {fileID: 0}
  m_PrefabInstance: {fileID: 0}
  m_PrefabAsset: {fileID: 0}
  m_GameObject: {fileID: 1361422676}
  m_LocalRotation: {x: 0, y: 0, z: 0, w: 1}
  m_LocalPosition: {x: 0, y: -0.5, z: 0}
  m_LocalScale: {x: 100, y: 1, z: 100}
  m_ConstrainProportionsScale: 0
  m_Children: []
  m_Father: {fileID: 0}
  m_RootOrder: 3
  m_LocalEulerAnglesHint: {x: 0, y: 0, z: 0}
--- !u!1001 &1368310723
PrefabInstance:
  m_ObjectHideFlags: 0
  serializedVersion: 2
  m_Modification:
    m_TransformParent: {fileID: 933754262}
    m_Modifications:
    - target: {fileID: 9058825715749950002, guid: a83e9dc98c82bb94186758a8e11d0652, type: 3}
      propertyPath: m_Name
      value: Coin Item (6)
      objectReference: {fileID: 0}
    - target: {fileID: 9058825715749950004, guid: a83e9dc98c82bb94186758a8e11d0652, type: 3}
      propertyPath: m_RootOrder
      value: 6
      objectReference: {fileID: 0}
    - target: {fileID: 9058825715749950004, guid: a83e9dc98c82bb94186758a8e11d0652, type: 3}
      propertyPath: m_LocalPosition.x
      value: 8.01
      objectReference: {fileID: 0}
    - target: {fileID: 9058825715749950004, guid: a83e9dc98c82bb94186758a8e11d0652, type: 3}
      propertyPath: m_LocalPosition.y
      value: 6.44
      objectReference: {fileID: 0}
    - target: {fileID: 9058825715749950004, guid: a83e9dc98c82bb94186758a8e11d0652, type: 3}
      propertyPath: m_LocalPosition.z
      value: 7.7
      objectReference: {fileID: 0}
    - target: {fileID: 9058825715749950004, guid: a83e9dc98c82bb94186758a8e11d0652, type: 3}
      propertyPath: m_LocalRotation.w
      value: 0.7071068
      objectReference: {fileID: 0}
    - target: {fileID: 9058825715749950004, guid: a83e9dc98c82bb94186758a8e11d0652, type: 3}
      propertyPath: m_LocalRotation.x
      value: 0.7071068
      objectReference: {fileID: 0}
    - target: {fileID: 9058825715749950004, guid: a83e9dc98c82bb94186758a8e11d0652, type: 3}
      propertyPath: m_LocalRotation.y
      value: -0
      objectReference: {fileID: 0}
    - target: {fileID: 9058825715749950004, guid: a83e9dc98c82bb94186758a8e11d0652, type: 3}
      propertyPath: m_LocalRotation.z
      value: -0
      objectReference: {fileID: 0}
    - target: {fileID: 9058825715749950004, guid: a83e9dc98c82bb94186758a8e11d0652, type: 3}
      propertyPath: m_LocalEulerAnglesHint.x
      value: 90
      objectReference: {fileID: 0}
    - target: {fileID: 9058825715749950004, guid: a83e9dc98c82bb94186758a8e11d0652, type: 3}
      propertyPath: m_LocalEulerAnglesHint.y
      value: 0
      objectReference: {fileID: 0}
    - target: {fileID: 9058825715749950004, guid: a83e9dc98c82bb94186758a8e11d0652, type: 3}
      propertyPath: m_LocalEulerAnglesHint.z
      value: 0
      objectReference: {fileID: 0}
    m_RemovedComponents: []
  m_SourcePrefab: {fileID: 100100000, guid: a83e9dc98c82bb94186758a8e11d0652, type: 3}
--- !u!1001 &1440176779
PrefabInstance:
  m_ObjectHideFlags: 0
  serializedVersion: 2
  m_Modification:
    m_TransformParent: {fileID: 933754262}
    m_Modifications:
    - target: {fileID: 9058825715749950002, guid: a83e9dc98c82bb94186758a8e11d0652, type: 3}
      propertyPath: m_Name
      value: Coin Item (2)
      objectReference: {fileID: 0}
    - target: {fileID: 9058825715749950004, guid: a83e9dc98c82bb94186758a8e11d0652, type: 3}
      propertyPath: m_RootOrder
      value: 2
      objectReference: {fileID: 0}
    - target: {fileID: 9058825715749950004, guid: a83e9dc98c82bb94186758a8e11d0652, type: 3}
      propertyPath: m_LocalPosition.x
      value: 9.25
      objectReference: {fileID: 0}
    - target: {fileID: 9058825715749950004, guid: a83e9dc98c82bb94186758a8e11d0652, type: 3}
      propertyPath: m_LocalPosition.y
      value: 6.44
      objectReference: {fileID: 0}
    - target: {fileID: 9058825715749950004, guid: a83e9dc98c82bb94186758a8e11d0652, type: 3}
      propertyPath: m_LocalPosition.z
      value: 5.4
      objectReference: {fileID: 0}
    - target: {fileID: 9058825715749950004, guid: a83e9dc98c82bb94186758a8e11d0652, type: 3}
      propertyPath: m_LocalRotation.w
      value: 0.7071068
      objectReference: {fileID: 0}
    - target: {fileID: 9058825715749950004, guid: a83e9dc98c82bb94186758a8e11d0652, type: 3}
      propertyPath: m_LocalRotation.x
      value: 0.7071068
      objectReference: {fileID: 0}
    - target: {fileID: 9058825715749950004, guid: a83e9dc98c82bb94186758a8e11d0652, type: 3}
      propertyPath: m_LocalRotation.y
      value: -0
      objectReference: {fileID: 0}
    - target: {fileID: 9058825715749950004, guid: a83e9dc98c82bb94186758a8e11d0652, type: 3}
      propertyPath: m_LocalRotation.z
      value: -0
      objectReference: {fileID: 0}
    - target: {fileID: 9058825715749950004, guid: a83e9dc98c82bb94186758a8e11d0652, type: 3}
      propertyPath: m_LocalEulerAnglesHint.x
      value: 90
      objectReference: {fileID: 0}
    - target: {fileID: 9058825715749950004, guid: a83e9dc98c82bb94186758a8e11d0652, type: 3}
      propertyPath: m_LocalEulerAnglesHint.y
      value: 0
      objectReference: {fileID: 0}
    - target: {fileID: 9058825715749950004, guid: a83e9dc98c82bb94186758a8e11d0652, type: 3}
      propertyPath: m_LocalEulerAnglesHint.z
      value: 0
      objectReference: {fileID: 0}
    m_RemovedComponents: []
  m_SourcePrefab: {fileID: 100100000, guid: a83e9dc98c82bb94186758a8e11d0652, type: 3}
--- !u!4 &1484989167 stripped
Transform:
  m_CorrespondingSourceObject: {fileID: 9058825715749950004, guid: a83e9dc98c82bb94186758a8e11d0652, type: 3}
  m_PrefabInstance: {fileID: 9058825717234544859}
  m_PrefabAsset: {fileID: 0}
--- !u!4 &1564075579 stripped
Transform:
  m_CorrespondingSourceObject: {fileID: 9058825715749950004, guid: a83e9dc98c82bb94186758a8e11d0652, type: 3}
  m_PrefabInstance: {fileID: 388461546}
  m_PrefabAsset: {fileID: 0}
--- !u!4 &1593417162 stripped
Transform:
  m_CorrespondingSourceObject: {fileID: 9058825715749950004, guid: a83e9dc98c82bb94186758a8e11d0652, type: 3}
  m_PrefabInstance: {fileID: 1074405677}
  m_PrefabAsset: {fileID: 0}
--- !u!1001 &1611432014
PrefabInstance:
  m_ObjectHideFlags: 0
  serializedVersion: 2
  m_Modification:
    m_TransformParent: {fileID: 1762377199}
    m_Modifications:
    - target: {fileID: 7871151972266532360, guid: 6aeb2d12926a2f64493bc3cdc670fd6b, type: 3}
      propertyPath: m_Name
      value: Diamond Item (6)
      objectReference: {fileID: 0}
    - target: {fileID: 7871151972266532366, guid: 6aeb2d12926a2f64493bc3cdc670fd6b, type: 3}
      propertyPath: m_RootOrder
      value: 6
      objectReference: {fileID: 0}
    - target: {fileID: 7871151972266532366, guid: 6aeb2d12926a2f64493bc3cdc670fd6b, type: 3}
      propertyPath: m_LocalPosition.x
      value: 16.36
      objectReference: {fileID: 0}
    - target: {fileID: 7871151972266532366, guid: 6aeb2d12926a2f64493bc3cdc670fd6b, type: 3}
      propertyPath: m_LocalPosition.y
      value: 6.4434586
      objectReference: {fileID: 0}
    - target: {fileID: 7871151972266532366, guid: 6aeb2d12926a2f64493bc3cdc670fd6b, type: 3}
      propertyPath: m_LocalPosition.z
      value: 3.29
      objectReference: {fileID: 0}
    - target: {fileID: 7871151972266532366, guid: 6aeb2d12926a2f64493bc3cdc670fd6b, type: 3}
      propertyPath: m_LocalRotation.w
      value: 0.92387956
      objectReference: {fileID: 0}
    - target: {fileID: 7871151972266532366, guid: 6aeb2d12926a2f64493bc3cdc670fd6b, type: 3}
      propertyPath: m_LocalRotation.x
      value: -0
      objectReference: {fileID: 0}
    - target: {fileID: 7871151972266532366, guid: 6aeb2d12926a2f64493bc3cdc670fd6b, type: 3}
      propertyPath: m_LocalRotation.y
      value: -0
      objectReference: {fileID: 0}
    - target: {fileID: 7871151972266532366, guid: 6aeb2d12926a2f64493bc3cdc670fd6b, type: 3}
      propertyPath: m_LocalRotation.z
      value: 0.38268343
      objectReference: {fileID: 0}
    - target: {fileID: 7871151972266532366, guid: 6aeb2d12926a2f64493bc3cdc670fd6b, type: 3}
      propertyPath: m_LocalEulerAnglesHint.x
      value: 0
      objectReference: {fileID: 0}
    - target: {fileID: 7871151972266532366, guid: 6aeb2d12926a2f64493bc3cdc670fd6b, type: 3}
      propertyPath: m_LocalEulerAnglesHint.y
      value: 0
      objectReference: {fileID: 0}
    - target: {fileID: 7871151972266532366, guid: 6aeb2d12926a2f64493bc3cdc670fd6b, type: 3}
      propertyPath: m_LocalEulerAnglesHint.z
      value: 45
      objectReference: {fileID: 0}
    m_RemovedComponents: []
  m_SourcePrefab: {fileID: 100100000, guid: 6aeb2d12926a2f64493bc3cdc670fd6b, type: 3}
--- !u!4 &1719230393 stripped
Transform:
  m_CorrespondingSourceObject: {fileID: 7871151972266532366, guid: 6aeb2d12926a2f64493bc3cdc670fd6b, type: 3}
  m_PrefabInstance: {fileID: 519231070}
  m_PrefabAsset: {fileID: 0}
--- !u!4 &1744714798 stripped
Transform:
  m_CorrespondingSourceObject: {fileID: 7871151972266532366, guid: 6aeb2d12926a2f64493bc3cdc670fd6b, type: 3}
  m_PrefabInstance: {fileID: 1611432014}
  m_PrefabAsset: {fileID: 0}
--- !u!1 &1746798599 stripped
GameObject:
  m_CorrespondingSourceObject: {fileID: 7343160763162416513, guid: d353604663ac81941ac644c055002d16, type: 3}
  m_PrefabInstance: {fileID: 1771016712}
  m_PrefabAsset: {fileID: 0}
--- !u!4 &1746798607 stripped
Transform:
  m_CorrespondingSourceObject: {fileID: 7343160763162416519, guid: d353604663ac81941ac644c055002d16, type: 3}
  m_PrefabInstance: {fileID: 1771016712}
  m_PrefabAsset: {fileID: 0}
--- !u!114 &1746798608
MonoBehaviour:
  m_ObjectHideFlags: 0
  m_CorrespondingSourceObject: {fileID: 0}
  m_PrefabInstance: {fileID: 0}
  m_PrefabAsset: {fileID: 0}
  m_GameObject: {fileID: 1746798599}
  m_Enabled: 1
  m_EditorHideFlags: 0
  m_Script: {fileID: 11500000, guid: 90989f20faf6bb346bc64a0badb9d553, type: 3}
  m_Name: 
  m_EditorClassIdentifier: 
  m_ItemInventory: []
--- !u!114 &1746798609
MonoBehaviour:
  m_ObjectHideFlags: 0
  m_CorrespondingSourceObject: {fileID: 0}
  m_PrefabInstance: {fileID: 0}
  m_PrefabAsset: {fileID: 0}
  m_GameObject: {fileID: 1746798599}
  m_Enabled: 1
  m_EditorHideFlags: 0
  m_Script: {fileID: 11500000, guid: cc4db9938418fa14caf129f1408afae8, type: 3}
  m_Name: 
  m_EditorClassIdentifier: 
  m_HealthPoint: 50
--- !u!114 &1746798610
MonoBehaviour:
  m_ObjectHideFlags: 0
  m_CorrespondingSourceObject: {fileID: 0}
  m_PrefabInstance: {fileID: 0}
  m_PrefabAsset: {fileID: 0}
  m_GameObject: {fileID: 1746798599}
  m_Enabled: 1
  m_EditorHideFlags: 0
  m_Script: {fileID: 11500000, guid: f1324842467a9b44cba28b61f2f2dd07, type: 3}
  m_Name: 
  m_EditorClassIdentifier: 
--- !u!1 &1762377198
GameObject:
  m_ObjectHideFlags: 0
  m_CorrespondingSourceObject: {fileID: 0}
  m_PrefabInstance: {fileID: 0}
  m_PrefabAsset: {fileID: 0}
  serializedVersion: 6
  m_Component:
  - component: {fileID: 1762377199}
  m_Layer: 0
  m_Name: Diamond
  m_TagString: Untagged
  m_Icon: {fileID: 0}
  m_NavMeshLayer: 0
  m_StaticEditorFlags: 0
  m_IsActive: 1
--- !u!4 &1762377199
Transform:
  m_ObjectHideFlags: 0
  m_CorrespondingSourceObject: {fileID: 0}
  m_PrefabInstance: {fileID: 0}
  m_PrefabAsset: {fileID: 0}
  m_GameObject: {fileID: 1762377198}
  m_LocalRotation: {x: 0, y: 0, z: 0, w: 1}
  m_LocalPosition: {x: -11.7005205, y: -6.1934586, z: -6.659957}
  m_LocalScale: {x: 1, y: 1, z: 1}
  m_ConstrainProportionsScale: 0
  m_Children:
  - {fileID: 225411078}
  - {fileID: 1945926000}
  - {fileID: 653809532}
  - {fileID: 821103133}
  - {fileID: 438597191}
  - {fileID: 906783649}
  - {fileID: 1744714798}
  - {fileID: 1979441295}
  - {fileID: 1719230393}
  - {fileID: 1289992219}
  m_Father: {fileID: 0}
  m_RootOrder: 5
  m_LocalEulerAnglesHint: {x: 0, y: 0, z: 0}
--- !u!1001 &1771016712
PrefabInstance:
  m_ObjectHideFlags: 0
  serializedVersion: 2
  m_Modification:
    m_TransformParent: {fileID: 0}
    m_Modifications:
    - target: {fileID: 7343160763162416513, guid: d353604663ac81941ac644c055002d16, type: 3}
      propertyPath: m_Name
      value: Capsule Player(RC)
      objectReference: {fileID: 0}
    - target: {fileID: 7343160763162416513, guid: d353604663ac81941ac644c055002d16, type: 3}
      propertyPath: m_TagString
      value: Player
      objectReference: {fileID: 0}
    - target: {fileID: 7343160763162416519, guid: d353604663ac81941ac644c055002d16, type: 3}
      propertyPath: m_RootOrder
      value: 2
      objectReference: {fileID: 0}
    - target: {fileID: 7343160763162416519, guid: d353604663ac81941ac644c055002d16, type: 3}
      propertyPath: m_LocalPosition.x
      value: 0
      objectReference: {fileID: 0}
    - target: {fileID: 7343160763162416519, guid: d353604663ac81941ac644c055002d16, type: 3}
      propertyPath: m_LocalPosition.y
      value: 1
      objectReference: {fileID: 0}
    - target: {fileID: 7343160763162416519, guid: d353604663ac81941ac644c055002d16, type: 3}
      propertyPath: m_LocalPosition.z
      value: 0
      objectReference: {fileID: 0}
    - target: {fileID: 7343160763162416519, guid: d353604663ac81941ac644c055002d16, type: 3}
      propertyPath: m_LocalRotation.w
      value: 1
      objectReference: {fileID: 0}
    - target: {fileID: 7343160763162416519, guid: d353604663ac81941ac644c055002d16, type: 3}
      propertyPath: m_LocalRotation.x
      value: 0
      objectReference: {fileID: 0}
    - target: {fileID: 7343160763162416519, guid: d353604663ac81941ac644c055002d16, type: 3}
      propertyPath: m_LocalRotation.y
      value: 0
      objectReference: {fileID: 0}
    - target: {fileID: 7343160763162416519, guid: d353604663ac81941ac644c055002d16, type: 3}
      propertyPath: m_LocalRotation.z
      value: 0
      objectReference: {fileID: 0}
    - target: {fileID: 7343160763162416519, guid: d353604663ac81941ac644c055002d16, type: 3}
      propertyPath: m_LocalEulerAnglesHint.x
      value: 0
      objectReference: {fileID: 0}
    - target: {fileID: 7343160763162416519, guid: d353604663ac81941ac644c055002d16, type: 3}
      propertyPath: m_LocalEulerAnglesHint.y
      value: 0
      objectReference: {fileID: 0}
    - target: {fileID: 7343160763162416519, guid: d353604663ac81941ac644c055002d16, type: 3}
      propertyPath: m_LocalEulerAnglesHint.z
      value: 0
      objectReference: {fileID: 0}
    m_RemovedComponents: []
  m_SourcePrefab: {fileID: 100100000, guid: d353604663ac81941ac644c055002d16, type: 3}
--- !u!4 &1786046702 stripped
Transform:
  m_CorrespondingSourceObject: {fileID: 9058825715749950004, guid: a83e9dc98c82bb94186758a8e11d0652, type: 3}
  m_PrefabInstance: {fileID: 1879225357}
  m_PrefabAsset: {fileID: 0}
--- !u!1001 &1813951205
PrefabInstance:
  m_ObjectHideFlags: 0
  serializedVersion: 2
  m_Modification:
    m_TransformParent: {fileID: 1762377199}
    m_Modifications:
    - target: {fileID: 7871151972266532360, guid: 6aeb2d12926a2f64493bc3cdc670fd6b, type: 3}
      propertyPath: m_Name
      value: Diamond Item (9)
      objectReference: {fileID: 0}
    - target: {fileID: 7871151972266532366, guid: 6aeb2d12926a2f64493bc3cdc670fd6b, type: 3}
      propertyPath: m_RootOrder
      value: 9
      objectReference: {fileID: 0}
    - target: {fileID: 7871151972266532366, guid: 6aeb2d12926a2f64493bc3cdc670fd6b, type: 3}
      propertyPath: m_LocalPosition.x
      value: 17.68
      objectReference: {fileID: 0}
    - target: {fileID: 7871151972266532366, guid: 6aeb2d12926a2f64493bc3cdc670fd6b, type: 3}
      propertyPath: m_LocalPosition.y
      value: 6.4434586
      objectReference: {fileID: 0}
    - target: {fileID: 7871151972266532366, guid: 6aeb2d12926a2f64493bc3cdc670fd6b, type: 3}
      propertyPath: m_LocalPosition.z
      value: 12.02
      objectReference: {fileID: 0}
    - target: {fileID: 7871151972266532366, guid: 6aeb2d12926a2f64493bc3cdc670fd6b, type: 3}
      propertyPath: m_LocalRotation.w
      value: 0.92387956
      objectReference: {fileID: 0}
    - target: {fileID: 7871151972266532366, guid: 6aeb2d12926a2f64493bc3cdc670fd6b, type: 3}
      propertyPath: m_LocalRotation.x
      value: -0
      objectReference: {fileID: 0}
    - target: {fileID: 7871151972266532366, guid: 6aeb2d12926a2f64493bc3cdc670fd6b, type: 3}
      propertyPath: m_LocalRotation.y
      value: -0
      objectReference: {fileID: 0}
    - target: {fileID: 7871151972266532366, guid: 6aeb2d12926a2f64493bc3cdc670fd6b, type: 3}
      propertyPath: m_LocalRotation.z
      value: 0.38268343
      objectReference: {fileID: 0}
    - target: {fileID: 7871151972266532366, guid: 6aeb2d12926a2f64493bc3cdc670fd6b, type: 3}
      propertyPath: m_LocalEulerAnglesHint.x
      value: 0
      objectReference: {fileID: 0}
    - target: {fileID: 7871151972266532366, guid: 6aeb2d12926a2f64493bc3cdc670fd6b, type: 3}
      propertyPath: m_LocalEulerAnglesHint.y
      value: 0
      objectReference: {fileID: 0}
    - target: {fileID: 7871151972266532366, guid: 6aeb2d12926a2f64493bc3cdc670fd6b, type: 3}
      propertyPath: m_LocalEulerAnglesHint.z
      value: 45
      objectReference: {fileID: 0}
    m_RemovedComponents: []
  m_SourcePrefab: {fileID: 100100000, guid: 6aeb2d12926a2f64493bc3cdc670fd6b, type: 3}
--- !u!4 &1818567033 stripped
Transform:
  m_CorrespondingSourceObject: {fileID: 1001633381609419845, guid: 458698744b6f3a5438b4b00e10cd2d84, type: 3}
  m_PrefabInstance: {fileID: 271946141}
  m_PrefabAsset: {fileID: 0}
--- !u!1001 &1872744148
PrefabInstance:
  m_ObjectHideFlags: 0
  serializedVersion: 2
  m_Modification:
    m_TransformParent: {fileID: 1762377199}
    m_Modifications:
    - target: {fileID: 7871151972266532360, guid: 6aeb2d12926a2f64493bc3cdc670fd6b, type: 3}
      propertyPath: m_Name
      value: Diamond Item (1)
      objectReference: {fileID: 0}
    - target: {fileID: 7871151972266532366, guid: 6aeb2d12926a2f64493bc3cdc670fd6b, type: 3}
      propertyPath: m_RootOrder
      value: 1
      objectReference: {fileID: 0}
    - target: {fileID: 7871151972266532366, guid: 6aeb2d12926a2f64493bc3cdc670fd6b, type: 3}
      propertyPath: m_LocalPosition.x
      value: 15.91
      objectReference: {fileID: 0}
    - target: {fileID: 7871151972266532366, guid: 6aeb2d12926a2f64493bc3cdc670fd6b, type: 3}
      propertyPath: m_LocalPosition.y
      value: 6.4434586
      objectReference: {fileID: 0}
    - target: {fileID: 7871151972266532366, guid: 6aeb2d12926a2f64493bc3cdc670fd6b, type: 3}
      propertyPath: m_LocalPosition.z
      value: 9.25
      objectReference: {fileID: 0}
    - target: {fileID: 7871151972266532366, guid: 6aeb2d12926a2f64493bc3cdc670fd6b, type: 3}
      propertyPath: m_LocalRotation.w
      value: 0.92387956
      objectReference: {fileID: 0}
    - target: {fileID: 7871151972266532366, guid: 6aeb2d12926a2f64493bc3cdc670fd6b, type: 3}
      propertyPath: m_LocalRotation.x
      value: -0
      objectReference: {fileID: 0}
    - target: {fileID: 7871151972266532366, guid: 6aeb2d12926a2f64493bc3cdc670fd6b, type: 3}
      propertyPath: m_LocalRotation.y
      value: -0
      objectReference: {fileID: 0}
    - target: {fileID: 7871151972266532366, guid: 6aeb2d12926a2f64493bc3cdc670fd6b, type: 3}
      propertyPath: m_LocalRotation.z
      value: 0.38268343
      objectReference: {fileID: 0}
    - target: {fileID: 7871151972266532366, guid: 6aeb2d12926a2f64493bc3cdc670fd6b, type: 3}
      propertyPath: m_LocalEulerAnglesHint.x
      value: 0
      objectReference: {fileID: 0}
    - target: {fileID: 7871151972266532366, guid: 6aeb2d12926a2f64493bc3cdc670fd6b, type: 3}
      propertyPath: m_LocalEulerAnglesHint.y
      value: 0
      objectReference: {fileID: 0}
    - target: {fileID: 7871151972266532366, guid: 6aeb2d12926a2f64493bc3cdc670fd6b, type: 3}
      propertyPath: m_LocalEulerAnglesHint.z
      value: 45
      objectReference: {fileID: 0}
    m_RemovedComponents: []
  m_SourcePrefab: {fileID: 100100000, guid: 6aeb2d12926a2f64493bc3cdc670fd6b, type: 3}
--- !u!1001 &1879225357
PrefabInstance:
  m_ObjectHideFlags: 0
  serializedVersion: 2
  m_Modification:
    m_TransformParent: {fileID: 933754262}
    m_Modifications:
    - target: {fileID: 9058825715749950002, guid: a83e9dc98c82bb94186758a8e11d0652, type: 3}
      propertyPath: m_Name
      value: Coin Item (7)
      objectReference: {fileID: 0}
    - target: {fileID: 9058825715749950004, guid: a83e9dc98c82bb94186758a8e11d0652, type: 3}
      propertyPath: m_RootOrder
      value: 7
      objectReference: {fileID: 0}
    - target: {fileID: 9058825715749950004, guid: a83e9dc98c82bb94186758a8e11d0652, type: 3}
      propertyPath: m_LocalPosition.x
      value: 17.03
      objectReference: {fileID: 0}
    - target: {fileID: 9058825715749950004, guid: a83e9dc98c82bb94186758a8e11d0652, type: 3}
      propertyPath: m_LocalPosition.y
      value: 6.44
      objectReference: {fileID: 0}
    - target: {fileID: 9058825715749950004, guid: a83e9dc98c82bb94186758a8e11d0652, type: 3}
      propertyPath: m_LocalPosition.z
      value: 13.37
      objectReference: {fileID: 0}
    - target: {fileID: 9058825715749950004, guid: a83e9dc98c82bb94186758a8e11d0652, type: 3}
      propertyPath: m_LocalRotation.w
      value: 0.7071068
      objectReference: {fileID: 0}
    - target: {fileID: 9058825715749950004, guid: a83e9dc98c82bb94186758a8e11d0652, type: 3}
      propertyPath: m_LocalRotation.x
      value: 0.7071068
      objectReference: {fileID: 0}
    - target: {fileID: 9058825715749950004, guid: a83e9dc98c82bb94186758a8e11d0652, type: 3}
      propertyPath: m_LocalRotation.y
      value: -0
      objectReference: {fileID: 0}
    - target: {fileID: 9058825715749950004, guid: a83e9dc98c82bb94186758a8e11d0652, type: 3}
      propertyPath: m_LocalRotation.z
      value: -0
      objectReference: {fileID: 0}
    - target: {fileID: 9058825715749950004, guid: a83e9dc98c82bb94186758a8e11d0652, type: 3}
      propertyPath: m_LocalEulerAnglesHint.x
      value: 90
      objectReference: {fileID: 0}
    - target: {fileID: 9058825715749950004, guid: a83e9dc98c82bb94186758a8e11d0652, type: 3}
      propertyPath: m_LocalEulerAnglesHint.y
      value: 0
      objectReference: {fileID: 0}
    - target: {fileID: 9058825715749950004, guid: a83e9dc98c82bb94186758a8e11d0652, type: 3}
      propertyPath: m_LocalEulerAnglesHint.z
      value: 0
      objectReference: {fileID: 0}
    m_RemovedComponents: []
  m_SourcePrefab: {fileID: 100100000, guid: a83e9dc98c82bb94186758a8e11d0652, type: 3}
--- !u!1001 &1897841673
PrefabInstance:
  m_ObjectHideFlags: 0
  serializedVersion: 2
  m_Modification:
    m_TransformParent: {fileID: 1762377199}
    m_Modifications:
    - target: {fileID: 7871151972266532360, guid: 6aeb2d12926a2f64493bc3cdc670fd6b, type: 3}
      propertyPath: m_Name
      value: Diamond Item (7)
      objectReference: {fileID: 0}
    - target: {fileID: 7871151972266532366, guid: 6aeb2d12926a2f64493bc3cdc670fd6b, type: 3}
      propertyPath: m_RootOrder
      value: 7
      objectReference: {fileID: 0}
    - target: {fileID: 7871151972266532366, guid: 6aeb2d12926a2f64493bc3cdc670fd6b, type: 3}
      propertyPath: m_LocalPosition.x
      value: 13.4
      objectReference: {fileID: 0}
    - target: {fileID: 7871151972266532366, guid: 6aeb2d12926a2f64493bc3cdc670fd6b, type: 3}
      propertyPath: m_LocalPosition.y
      value: 6.4434586
      objectReference: {fileID: 0}
    - target: {fileID: 7871151972266532366, guid: 6aeb2d12926a2f64493bc3cdc670fd6b, type: 3}
      propertyPath: m_LocalPosition.z
      value: 14.09
      objectReference: {fileID: 0}
    - target: {fileID: 7871151972266532366, guid: 6aeb2d12926a2f64493bc3cdc670fd6b, type: 3}
      propertyPath: m_LocalRotation.w
      value: 0.92387956
      objectReference: {fileID: 0}
    - target: {fileID: 7871151972266532366, guid: 6aeb2d12926a2f64493bc3cdc670fd6b, type: 3}
      propertyPath: m_LocalRotation.x
      value: -0
      objectReference: {fileID: 0}
    - target: {fileID: 7871151972266532366, guid: 6aeb2d12926a2f64493bc3cdc670fd6b, type: 3}
      propertyPath: m_LocalRotation.y
      value: -0
      objectReference: {fileID: 0}
    - target: {fileID: 7871151972266532366, guid: 6aeb2d12926a2f64493bc3cdc670fd6b, type: 3}
      propertyPath: m_LocalRotation.z
      value: 0.38268343
      objectReference: {fileID: 0}
    - target: {fileID: 7871151972266532366, guid: 6aeb2d12926a2f64493bc3cdc670fd6b, type: 3}
      propertyPath: m_LocalEulerAnglesHint.x
      value: 0
      objectReference: {fileID: 0}
    - target: {fileID: 7871151972266532366, guid: 6aeb2d12926a2f64493bc3cdc670fd6b, type: 3}
      propertyPath: m_LocalEulerAnglesHint.y
      value: 0
      objectReference: {fileID: 0}
    - target: {fileID: 7871151972266532366, guid: 6aeb2d12926a2f64493bc3cdc670fd6b, type: 3}
      propertyPath: m_LocalEulerAnglesHint.z
      value: 45
      objectReference: {fileID: 0}
    m_RemovedComponents: []
  m_SourcePrefab: {fileID: 100100000, guid: 6aeb2d12926a2f64493bc3cdc670fd6b, type: 3}
--- !u!1001 &1909782139
PrefabInstance:
  m_ObjectHideFlags: 0
  serializedVersion: 2
  m_Modification:
    m_TransformParent: {fileID: 1762377199}
    m_Modifications:
    - target: {fileID: 7871151972266532360, guid: 6aeb2d12926a2f64493bc3cdc670fd6b, type: 3}
      propertyPath: m_Name
      value: Diamond Item (4)
      objectReference: {fileID: 0}
    - target: {fileID: 7871151972266532366, guid: 6aeb2d12926a2f64493bc3cdc670fd6b, type: 3}
      propertyPath: m_RootOrder
      value: 4
      objectReference: {fileID: 0}
    - target: {fileID: 7871151972266532366, guid: 6aeb2d12926a2f64493bc3cdc670fd6b, type: 3}
      propertyPath: m_LocalPosition.x
      value: 14.9
      objectReference: {fileID: 0}
    - target: {fileID: 7871151972266532366, guid: 6aeb2d12926a2f64493bc3cdc670fd6b, type: 3}
      propertyPath: m_LocalPosition.y
      value: 6.4434586
      objectReference: {fileID: 0}
    - target: {fileID: 7871151972266532366, guid: 6aeb2d12926a2f64493bc3cdc670fd6b, type: 3}
      propertyPath: m_LocalPosition.z
      value: 5.44
      objectReference: {fileID: 0}
    - target: {fileID: 7871151972266532366, guid: 6aeb2d12926a2f64493bc3cdc670fd6b, type: 3}
      propertyPath: m_LocalRotation.w
      value: 0.92387956
      objectReference: {fileID: 0}
    - target: {fileID: 7871151972266532366, guid: 6aeb2d12926a2f64493bc3cdc670fd6b, type: 3}
      propertyPath: m_LocalRotation.x
      value: -0
      objectReference: {fileID: 0}
    - target: {fileID: 7871151972266532366, guid: 6aeb2d12926a2f64493bc3cdc670fd6b, type: 3}
      propertyPath: m_LocalRotation.y
      value: -0
      objectReference: {fileID: 0}
    - target: {fileID: 7871151972266532366, guid: 6aeb2d12926a2f64493bc3cdc670fd6b, type: 3}
      propertyPath: m_LocalRotation.z
      value: 0.38268343
      objectReference: {fileID: 0}
    - target: {fileID: 7871151972266532366, guid: 6aeb2d12926a2f64493bc3cdc670fd6b, type: 3}
      propertyPath: m_LocalEulerAnglesHint.x
      value: 0
      objectReference: {fileID: 0}
    - target: {fileID: 7871151972266532366, guid: 6aeb2d12926a2f64493bc3cdc670fd6b, type: 3}
      propertyPath: m_LocalEulerAnglesHint.y
      value: 0
      objectReference: {fileID: 0}
    - target: {fileID: 7871151972266532366, guid: 6aeb2d12926a2f64493bc3cdc670fd6b, type: 3}
      propertyPath: m_LocalEulerAnglesHint.z
      value: 45
      objectReference: {fileID: 0}
    m_RemovedComponents: []
  m_SourcePrefab: {fileID: 100100000, guid: 6aeb2d12926a2f64493bc3cdc670fd6b, type: 3}
--- !u!1001 &1918902239
PrefabInstance:
  m_ObjectHideFlags: 0
  serializedVersion: 2
  m_Modification:
    m_TransformParent: {fileID: 933754262}
    m_Modifications:
    - target: {fileID: 9058825715749950002, guid: a83e9dc98c82bb94186758a8e11d0652, type: 3}
      propertyPath: m_Name
      value: Coin Item (3)
      objectReference: {fileID: 0}
    - target: {fileID: 9058825715749950004, guid: a83e9dc98c82bb94186758a8e11d0652, type: 3}
      propertyPath: m_RootOrder
      value: 3
      objectReference: {fileID: 0}
    - target: {fileID: 9058825715749950004, guid: a83e9dc98c82bb94186758a8e11d0652, type: 3}
      propertyPath: m_LocalPosition.x
      value: 9.94
      objectReference: {fileID: 0}
    - target: {fileID: 9058825715749950004, guid: a83e9dc98c82bb94186758a8e11d0652, type: 3}
      propertyPath: m_LocalPosition.y
      value: 6.44
      objectReference: {fileID: 0}
    - target: {fileID: 9058825715749950004, guid: a83e9dc98c82bb94186758a8e11d0652, type: 3}
      propertyPath: m_LocalPosition.z
      value: 14.91
      objectReference: {fileID: 0}
    - target: {fileID: 9058825715749950004, guid: a83e9dc98c82bb94186758a8e11d0652, type: 3}
      propertyPath: m_LocalRotation.w
      value: 0.7071068
      objectReference: {fileID: 0}
    - target: {fileID: 9058825715749950004, guid: a83e9dc98c82bb94186758a8e11d0652, type: 3}
      propertyPath: m_LocalRotation.x
      value: 0.7071068
      objectReference: {fileID: 0}
    - target: {fileID: 9058825715749950004, guid: a83e9dc98c82bb94186758a8e11d0652, type: 3}
      propertyPath: m_LocalRotation.y
      value: -0
      objectReference: {fileID: 0}
    - target: {fileID: 9058825715749950004, guid: a83e9dc98c82bb94186758a8e11d0652, type: 3}
      propertyPath: m_LocalRotation.z
      value: -0
      objectReference: {fileID: 0}
    - target: {fileID: 9058825715749950004, guid: a83e9dc98c82bb94186758a8e11d0652, type: 3}
      propertyPath: m_LocalEulerAnglesHint.x
      value: 90
      objectReference: {fileID: 0}
    - target: {fileID: 9058825715749950004, guid: a83e9dc98c82bb94186758a8e11d0652, type: 3}
      propertyPath: m_LocalEulerAnglesHint.y
      value: 0
      objectReference: {fileID: 0}
    - target: {fileID: 9058825715749950004, guid: a83e9dc98c82bb94186758a8e11d0652, type: 3}
      propertyPath: m_LocalEulerAnglesHint.z
      value: 0
      objectReference: {fileID: 0}
    m_RemovedComponents: []
  m_SourcePrefab: {fileID: 100100000, guid: a83e9dc98c82bb94186758a8e11d0652, type: 3}
--- !u!1001 &1919396535
PrefabInstance:
  m_ObjectHideFlags: 0
  serializedVersion: 2
  m_Modification:
    m_TransformParent: {fileID: 1762377199}
    m_Modifications:
    - target: {fileID: 7871151972266532360, guid: 6aeb2d12926a2f64493bc3cdc670fd6b, type: 3}
      propertyPath: m_Name
      value: Diamond Item (2)
      objectReference: {fileID: 0}
    - target: {fileID: 7871151972266532366, guid: 6aeb2d12926a2f64493bc3cdc670fd6b, type: 3}
      propertyPath: m_RootOrder
      value: 2
      objectReference: {fileID: 0}
    - target: {fileID: 7871151972266532366, guid: 6aeb2d12926a2f64493bc3cdc670fd6b, type: 3}
      propertyPath: m_LocalPosition.x
      value: 10.78052
      objectReference: {fileID: 0}
    - target: {fileID: 7871151972266532366, guid: 6aeb2d12926a2f64493bc3cdc670fd6b, type: 3}
      propertyPath: m_LocalPosition.y
      value: 6.4434586
      objectReference: {fileID: 0}
    - target: {fileID: 7871151972266532366, guid: 6aeb2d12926a2f64493bc3cdc670fd6b, type: 3}
      propertyPath: m_LocalPosition.z
      value: 2.02
      objectReference: {fileID: 0}
    - target: {fileID: 7871151972266532366, guid: 6aeb2d12926a2f64493bc3cdc670fd6b, type: 3}
      propertyPath: m_LocalRotation.w
      value: 0.92387956
      objectReference: {fileID: 0}
    - target: {fileID: 7871151972266532366, guid: 6aeb2d12926a2f64493bc3cdc670fd6b, type: 3}
      propertyPath: m_LocalRotation.x
      value: -0
      objectReference: {fileID: 0}
    - target: {fileID: 7871151972266532366, guid: 6aeb2d12926a2f64493bc3cdc670fd6b, type: 3}
      propertyPath: m_LocalRotation.y
      value: -0
      objectReference: {fileID: 0}
    - target: {fileID: 7871151972266532366, guid: 6aeb2d12926a2f64493bc3cdc670fd6b, type: 3}
      propertyPath: m_LocalRotation.z
      value: 0.38268343
      objectReference: {fileID: 0}
    - target: {fileID: 7871151972266532366, guid: 6aeb2d12926a2f64493bc3cdc670fd6b, type: 3}
      propertyPath: m_LocalEulerAnglesHint.x
      value: 0
      objectReference: {fileID: 0}
    - target: {fileID: 7871151972266532366, guid: 6aeb2d12926a2f64493bc3cdc670fd6b, type: 3}
      propertyPath: m_LocalEulerAnglesHint.y
      value: 0
      objectReference: {fileID: 0}
    - target: {fileID: 7871151972266532366, guid: 6aeb2d12926a2f64493bc3cdc670fd6b, type: 3}
      propertyPath: m_LocalEulerAnglesHint.z
      value: 45
      objectReference: {fileID: 0}
    m_RemovedComponents: []
  m_SourcePrefab: {fileID: 100100000, guid: 6aeb2d12926a2f64493bc3cdc670fd6b, type: 3}
--- !u!1 &1925902054
GameObject:
  m_ObjectHideFlags: 0
  m_CorrespondingSourceObject: {fileID: 0}
  m_PrefabInstance: {fileID: 0}
  m_PrefabAsset: {fileID: 0}
  serializedVersion: 6
  m_Component:
  - component: {fileID: 1925902056}
  - component: {fileID: 1925902055}
  m_Layer: 0
  m_Name: PrefabLauncher (RC)
  m_TagString: Untagged
  m_Icon: {fileID: 0}
  m_NavMeshLayer: 0
  m_StaticEditorFlags: 0
  m_IsActive: 1
--- !u!114 &1925902055
MonoBehaviour:
  m_ObjectHideFlags: 0
  m_CorrespondingSourceObject: {fileID: 0}
  m_PrefabInstance: {fileID: 0}
  m_PrefabAsset: {fileID: 0}
  m_GameObject: {fileID: 1925902054}
  m_Enabled: 1
  m_EditorHideFlags: 0
  m_Script: {fileID: 11500000, guid: 483227b6d4a65af4c9733a3df4cb834f, type: 3}
  m_Name: 
  m_EditorClassIdentifier: 
  m_Interval: 0.3
  m_PrefabToBeLaunched: {fileID: 2713377745462110450, guid: 54d7dd594204af84eaf587831be041d9, type: 3}
  m_Power: 10
--- !u!4 &1925902056
Transform:
  m_ObjectHideFlags: 0
  m_CorrespondingSourceObject: {fileID: 0}
  m_PrefabInstance: {fileID: 0}
  m_PrefabAsset: {fileID: 0}
  m_GameObject: {fileID: 1925902054}
  m_LocalRotation: {x: -0.1709662, y: 0.68612725, z: 0.17096624, w: 0.68612725}
  m_LocalPosition: {x: 0.71, y: 0.86, z: 0}
  m_LocalScale: {x: 5.263157, y: 2.365533, z: 1.1270622}
  m_ConstrainProportionsScale: 0
  m_Children: []
  m_Father: {fileID: 1818567033}
  m_RootOrder: 1
  m_LocalEulerAnglesHint: {x: -27.984, y: 90, z: 0}
--- !u!4 &1945926000 stripped
Transform:
  m_CorrespondingSourceObject: {fileID: 7871151972266532366, guid: 6aeb2d12926a2f64493bc3cdc670fd6b, type: 3}
  m_PrefabInstance: {fileID: 1872744148}
  m_PrefabAsset: {fileID: 0}
--- !u!1 &1978909544
GameObject:
  m_ObjectHideFlags: 0
  m_CorrespondingSourceObject: {fileID: 0}
  m_PrefabInstance: {fileID: 0}
  m_PrefabAsset: {fileID: 0}
  serializedVersion: 6
  m_Component:
  - component: {fileID: 1978909549}
  - component: {fileID: 1978909548}
  - component: {fileID: 1978909547}
  - component: {fileID: 1978909546}
  - component: {fileID: 1978909545}
  m_Layer: 0
  m_Name: Toxic
  m_TagString: Untagged
  m_Icon: {fileID: 0}
  m_NavMeshLayer: 0
  m_StaticEditorFlags: 0
  m_IsActive: 1
--- !u!114 &1978909545
MonoBehaviour:
  m_ObjectHideFlags: 0
  m_CorrespondingSourceObject: {fileID: 0}
  m_PrefabInstance: {fileID: 0}
  m_PrefabAsset: {fileID: 0}
  m_GameObject: {fileID: 1978909544}
  m_Enabled: 1
  m_EditorHideFlags: 0
  m_Script: {fileID: 11500000, guid: 4992980b5a458744fa63deb9ef9b8883, type: 3}
  m_Name: 
  m_EditorClassIdentifier: 
  m_ItemType: 5
--- !u!136 &1978909546
CapsuleCollider:
  m_ObjectHideFlags: 0
  m_CorrespondingSourceObject: {fileID: 0}
  m_PrefabInstance: {fileID: 0}
  m_PrefabAsset: {fileID: 0}
  m_GameObject: {fileID: 1978909544}
  m_Material: {fileID: 0}
  m_IsTrigger: 1
  m_Enabled: 1
  m_Radius: 0.5000001
  m_Height: 2
  m_Direction: 1
  m_Center: {x: 0.000000059604645, y: 0, z: -0.00000008940697}
--- !u!23 &1978909547
MeshRenderer:
  m_ObjectHideFlags: 0
  m_CorrespondingSourceObject: {fileID: 0}
  m_PrefabInstance: {fileID: 0}
  m_PrefabAsset: {fileID: 0}
  m_GameObject: {fileID: 1978909544}
  m_Enabled: 1
  m_CastShadows: 1
  m_ReceiveShadows: 1
  m_DynamicOccludee: 1
  m_StaticShadowCaster: 0
  m_MotionVectors: 1
  m_LightProbeUsage: 1
  m_ReflectionProbeUsage: 1
  m_RayTracingMode: 2
  m_RayTraceProcedural: 0
  m_RenderingLayerMask: 1
  m_RendererPriority: 0
  m_Materials:
  - {fileID: 2100000, guid: 1862ab9b8a45e0140842241035d96199, type: 2}
  m_StaticBatchInfo:
    firstSubMesh: 0
    subMeshCount: 0
  m_StaticBatchRoot: {fileID: 0}
  m_ProbeAnchor: {fileID: 0}
  m_LightProbeVolumeOverride: {fileID: 0}
  m_ScaleInLightmap: 1
  m_ReceiveGI: 1
  m_PreserveUVs: 0
  m_IgnoreNormalsForChartDetection: 0
  m_ImportantGI: 0
  m_StitchLightmapSeams: 1
  m_SelectedEditorRenderState: 3
  m_MinimumChartSize: 4
  m_AutoUVMaxDistance: 0.5
  m_AutoUVMaxAngle: 89
  m_LightmapParameters: {fileID: 0}
  m_SortingLayerID: 0
  m_SortingLayer: 0
  m_SortingOrder: 0
  m_AdditionalVertexStreams: {fileID: 0}
--- !u!33 &1978909548
MeshFilter:
  m_ObjectHideFlags: 0
  m_CorrespondingSourceObject: {fileID: 0}
  m_PrefabInstance: {fileID: 0}
  m_PrefabAsset: {fileID: 0}
  m_GameObject: {fileID: 1978909544}
  m_Mesh: {fileID: 10206, guid: 0000000000000000e000000000000000, type: 0}
--- !u!4 &1978909549
Transform:
  m_ObjectHideFlags: 0
  m_CorrespondingSourceObject: {fileID: 0}
  m_PrefabInstance: {fileID: 0}
  m_PrefabAsset: {fileID: 0}
  m_GameObject: {fileID: 1978909544}
  m_LocalRotation: {x: 0, y: 0, z: 0, w: 1}
  m_LocalPosition: {x: -4.7767544, y: 1.86, z: 11.315821}
  m_LocalScale: {x: 2, y: 1, z: 2}
  m_ConstrainProportionsScale: 0
  m_Children: []
  m_Father: {fileID: 0}
  m_RootOrder: 10
  m_LocalEulerAnglesHint: {x: 0, y: 0, z: 0}
--- !u!4 &1979441295 stripped
Transform:
  m_CorrespondingSourceObject: {fileID: 7871151972266532366, guid: 6aeb2d12926a2f64493bc3cdc670fd6b, type: 3}
  m_PrefabInstance: {fileID: 1897841673}
  m_PrefabAsset: {fileID: 0}
--- !u!1001 &1986874052
PrefabInstance:
  m_ObjectHideFlags: 0
  serializedVersion: 2
  m_Modification:
    m_TransformParent: {fileID: 1762377199}
    m_Modifications:
    - target: {fileID: 7871151972266532360, guid: 6aeb2d12926a2f64493bc3cdc670fd6b, type: 3}
      propertyPath: m_Name
      value: Diamond Item (3)
      objectReference: {fileID: 0}
    - target: {fileID: 7871151972266532366, guid: 6aeb2d12926a2f64493bc3cdc670fd6b, type: 3}
      propertyPath: m_RootOrder
      value: 3
      objectReference: {fileID: 0}
    - target: {fileID: 7871151972266532366, guid: 6aeb2d12926a2f64493bc3cdc670fd6b, type: 3}
      propertyPath: m_LocalPosition.x
      value: 5.85
      objectReference: {fileID: 0}
    - target: {fileID: 7871151972266532366, guid: 6aeb2d12926a2f64493bc3cdc670fd6b, type: 3}
      propertyPath: m_LocalPosition.y
      value: 6.4434586
      objectReference: {fileID: 0}
    - target: {fileID: 7871151972266532366, guid: 6aeb2d12926a2f64493bc3cdc670fd6b, type: 3}
      propertyPath: m_LocalPosition.z
      value: 6.87
      objectReference: {fileID: 0}
    - target: {fileID: 7871151972266532366, guid: 6aeb2d12926a2f64493bc3cdc670fd6b, type: 3}
      propertyPath: m_LocalRotation.w
      value: 0.92387956
      objectReference: {fileID: 0}
    - target: {fileID: 7871151972266532366, guid: 6aeb2d12926a2f64493bc3cdc670fd6b, type: 3}
      propertyPath: m_LocalRotation.x
      value: -0
      objectReference: {fileID: 0}
    - target: {fileID: 7871151972266532366, guid: 6aeb2d12926a2f64493bc3cdc670fd6b, type: 3}
      propertyPath: m_LocalRotation.y
      value: -0
      objectReference: {fileID: 0}
    - target: {fileID: 7871151972266532366, guid: 6aeb2d12926a2f64493bc3cdc670fd6b, type: 3}
      propertyPath: m_LocalRotation.z
      value: 0.38268343
      objectReference: {fileID: 0}
    - target: {fileID: 7871151972266532366, guid: 6aeb2d12926a2f64493bc3cdc670fd6b, type: 3}
      propertyPath: m_LocalEulerAnglesHint.x
      value: 0
      objectReference: {fileID: 0}
    - target: {fileID: 7871151972266532366, guid: 6aeb2d12926a2f64493bc3cdc670fd6b, type: 3}
      propertyPath: m_LocalEulerAnglesHint.y
      value: 0
      objectReference: {fileID: 0}
    - target: {fileID: 7871151972266532366, guid: 6aeb2d12926a2f64493bc3cdc670fd6b, type: 3}
      propertyPath: m_LocalEulerAnglesHint.z
      value: 45
      objectReference: {fileID: 0}
    m_RemovedComponents: []
  m_SourcePrefab: {fileID: 100100000, guid: 6aeb2d12926a2f64493bc3cdc670fd6b, type: 3}
--- !u!1001 &2040307504
PrefabInstance:
  m_ObjectHideFlags: 0
  serializedVersion: 2
  m_Modification:
    m_TransformParent: {fileID: 1762377199}
    m_Modifications:
    - target: {fileID: 7871151972266532360, guid: 6aeb2d12926a2f64493bc3cdc670fd6b, type: 3}
      propertyPath: m_Name
      value: Diamond Item (5)
      objectReference: {fileID: 0}
    - target: {fileID: 7871151972266532366, guid: 6aeb2d12926a2f64493bc3cdc670fd6b, type: 3}
      propertyPath: m_RootOrder
      value: 5
      objectReference: {fileID: 0}
    - target: {fileID: 7871151972266532366, guid: 6aeb2d12926a2f64493bc3cdc670fd6b, type: 3}
      propertyPath: m_LocalPosition.x
      value: 6.73
      objectReference: {fileID: 0}
    - target: {fileID: 7871151972266532366, guid: 6aeb2d12926a2f64493bc3cdc670fd6b, type: 3}
      propertyPath: m_LocalPosition.y
      value: 6.4434586
      objectReference: {fileID: 0}
    - target: {fileID: 7871151972266532366, guid: 6aeb2d12926a2f64493bc3cdc670fd6b, type: 3}
      propertyPath: m_LocalPosition.z
      value: 13.66
      objectReference: {fileID: 0}
    - target: {fileID: 7871151972266532366, guid: 6aeb2d12926a2f64493bc3cdc670fd6b, type: 3}
      propertyPath: m_LocalRotation.w
      value: 0.92387956
      objectReference: {fileID: 0}
    - target: {fileID: 7871151972266532366, guid: 6aeb2d12926a2f64493bc3cdc670fd6b, type: 3}
      propertyPath: m_LocalRotation.x
      value: -0
      objectReference: {fileID: 0}
    - target: {fileID: 7871151972266532366, guid: 6aeb2d12926a2f64493bc3cdc670fd6b, type: 3}
      propertyPath: m_LocalRotation.y
      value: -0
      objectReference: {fileID: 0}
    - target: {fileID: 7871151972266532366, guid: 6aeb2d12926a2f64493bc3cdc670fd6b, type: 3}
      propertyPath: m_LocalRotation.z
      value: 0.38268343
      objectReference: {fileID: 0}
    - target: {fileID: 7871151972266532366, guid: 6aeb2d12926a2f64493bc3cdc670fd6b, type: 3}
      propertyPath: m_LocalEulerAnglesHint.x
      value: 0
      objectReference: {fileID: 0}
    - target: {fileID: 7871151972266532366, guid: 6aeb2d12926a2f64493bc3cdc670fd6b, type: 3}
      propertyPath: m_LocalEulerAnglesHint.y
      value: 0
      objectReference: {fileID: 0}
    - target: {fileID: 7871151972266532366, guid: 6aeb2d12926a2f64493bc3cdc670fd6b, type: 3}
      propertyPath: m_LocalEulerAnglesHint.z
      value: 45
      objectReference: {fileID: 0}
    m_RemovedComponents: []
  m_SourcePrefab: {fileID: 100100000, guid: 6aeb2d12926a2f64493bc3cdc670fd6b, type: 3}
--- !u!4 &2064413210 stripped
Transform:
  m_CorrespondingSourceObject: {fileID: 9058825715749950004, guid: a83e9dc98c82bb94186758a8e11d0652, type: 3}
  m_PrefabInstance: {fileID: 1368310723}
  m_PrefabAsset: {fileID: 0}
--- !u!1001 &7871151972489911816
PrefabInstance:
  m_ObjectHideFlags: 0
  serializedVersion: 2
  m_Modification:
    m_TransformParent: {fileID: 1762377199}
    m_Modifications:
    - target: {fileID: 7871151972266532360, guid: 6aeb2d12926a2f64493bc3cdc670fd6b, type: 3}
      propertyPath: m_Name
      value: Diamond Item
      objectReference: {fileID: 0}
    - target: {fileID: 7871151972266532366, guid: 6aeb2d12926a2f64493bc3cdc670fd6b, type: 3}
      propertyPath: m_RootOrder
      value: 0
      objectReference: {fileID: 0}
    - target: {fileID: 7871151972266532366, guid: 6aeb2d12926a2f64493bc3cdc670fd6b, type: 3}
      propertyPath: m_LocalPosition.x
      value: 10.78052
      objectReference: {fileID: 0}
    - target: {fileID: 7871151972266532366, guid: 6aeb2d12926a2f64493bc3cdc670fd6b, type: 3}
      propertyPath: m_LocalPosition.y
      value: 6.4434586
      objectReference: {fileID: 0}
    - target: {fileID: 7871151972266532366, guid: 6aeb2d12926a2f64493bc3cdc670fd6b, type: 3}
      propertyPath: m_LocalPosition.z
      value: 11.859957
      objectReference: {fileID: 0}
    - target: {fileID: 7871151972266532366, guid: 6aeb2d12926a2f64493bc3cdc670fd6b, type: 3}
      propertyPath: m_LocalRotation.w
      value: 0.92387956
      objectReference: {fileID: 0}
    - target: {fileID: 7871151972266532366, guid: 6aeb2d12926a2f64493bc3cdc670fd6b, type: 3}
      propertyPath: m_LocalRotation.x
      value: -0
      objectReference: {fileID: 0}
    - target: {fileID: 7871151972266532366, guid: 6aeb2d12926a2f64493bc3cdc670fd6b, type: 3}
      propertyPath: m_LocalRotation.y
      value: -0
      objectReference: {fileID: 0}
    - target: {fileID: 7871151972266532366, guid: 6aeb2d12926a2f64493bc3cdc670fd6b, type: 3}
      propertyPath: m_LocalRotation.z
      value: 0.38268343
      objectReference: {fileID: 0}
    - target: {fileID: 7871151972266532366, guid: 6aeb2d12926a2f64493bc3cdc670fd6b, type: 3}
      propertyPath: m_LocalEulerAnglesHint.x
      value: 0
      objectReference: {fileID: 0}
    - target: {fileID: 7871151972266532366, guid: 6aeb2d12926a2f64493bc3cdc670fd6b, type: 3}
      propertyPath: m_LocalEulerAnglesHint.y
      value: 0
      objectReference: {fileID: 0}
    - target: {fileID: 7871151972266532366, guid: 6aeb2d12926a2f64493bc3cdc670fd6b, type: 3}
      propertyPath: m_LocalEulerAnglesHint.z
      value: 45
      objectReference: {fileID: 0}
    m_RemovedComponents: []
  m_SourcePrefab: {fileID: 100100000, guid: 6aeb2d12926a2f64493bc3cdc670fd6b, type: 3}
--- !u!1001 &9058825717234544859
PrefabInstance:
  m_ObjectHideFlags: 0
  serializedVersion: 2
  m_Modification:
    m_TransformParent: {fileID: 933754262}
    m_Modifications:
    - target: {fileID: 9058825715749950002, guid: a83e9dc98c82bb94186758a8e11d0652, type: 3}
      propertyPath: m_Name
      value: Coin Item
      objectReference: {fileID: 0}
    - target: {fileID: 9058825715749950004, guid: a83e9dc98c82bb94186758a8e11d0652, type: 3}
      propertyPath: m_RootOrder
      value: 0
      objectReference: {fileID: 0}
    - target: {fileID: 9058825715749950004, guid: a83e9dc98c82bb94186758a8e11d0652, type: 3}
      propertyPath: m_LocalPosition.x
      value: 7.8905206
      objectReference: {fileID: 0}
    - target: {fileID: 9058825715749950004, guid: a83e9dc98c82bb94186758a8e11d0652, type: 3}
      propertyPath: m_LocalPosition.y
      value: 6.4434586
      objectReference: {fileID: 0}
    - target: {fileID: 9058825715749950004, guid: a83e9dc98c82bb94186758a8e11d0652, type: 3}
      propertyPath: m_LocalPosition.z
      value: 11.249957
      objectReference: {fileID: 0}
    - target: {fileID: 9058825715749950004, guid: a83e9dc98c82bb94186758a8e11d0652, type: 3}
      propertyPath: m_LocalRotation.w
      value: 0.7071068
      objectReference: {fileID: 0}
    - target: {fileID: 9058825715749950004, guid: a83e9dc98c82bb94186758a8e11d0652, type: 3}
      propertyPath: m_LocalRotation.x
      value: 0.7071068
      objectReference: {fileID: 0}
    - target: {fileID: 9058825715749950004, guid: a83e9dc98c82bb94186758a8e11d0652, type: 3}
      propertyPath: m_LocalRotation.y
      value: -0
      objectReference: {fileID: 0}
    - target: {fileID: 9058825715749950004, guid: a83e9dc98c82bb94186758a8e11d0652, type: 3}
      propertyPath: m_LocalRotation.z
      value: -0
      objectReference: {fileID: 0}
    - target: {fileID: 9058825715749950004, guid: a83e9dc98c82bb94186758a8e11d0652, type: 3}
      propertyPath: m_LocalEulerAnglesHint.x
      value: 90
      objectReference: {fileID: 0}
    - target: {fileID: 9058825715749950004, guid: a83e9dc98c82bb94186758a8e11d0652, type: 3}
      propertyPath: m_LocalEulerAnglesHint.y
      value: 0
      objectReference: {fileID: 0}
    - target: {fileID: 9058825715749950004, guid: a83e9dc98c82bb94186758a8e11d0652, type: 3}
      propertyPath: m_LocalEulerAnglesHint.z
      value: 0
      objectReference: {fileID: 0}
    m_RemovedComponents: []
  m_SourcePrefab: {fileID: 100100000, guid: a83e9dc98c82bb94186758a8e11d0652, type: 3}
